@article{DBLP:journals/eaai/MalialisK15,
	author    = {Kleanthis Malialis and
	Daniel Kudenko},
	title     = {Distributed response to network intrusions using multiagent reinforcement
	learning},
	journal   = {Eng. Appl. of {AI}},
	volume    = {41},
	pages     = {270--284},
	year      = {2015},
	url       = {https://doi.org/10.1016/j.engappai.2015.01.013},
	doi       = {10.1016/j.engappai.2015.01.013},
	timestamp = {Thu, 18 May 2017 09:51:46 +0200},
	biburl    = {http://dblp.org/rec/bib/journals/eaai/MalialisK15},
	bibsource = {dblp computer science bibliography, http://dblp.org}
}