@proceedings{DBLP:conf/eurosp/2016,
  title     = {{IEEE} European Symposium on Security and Privacy, EuroS{\&}P
               2016, Saarbr{\"{u}}cken, Germany, March 21-24, 2016},
  publisher = {{IEEE}},
  year      = {2016},
  url       = {http://ieeexplore.ieee.org/xpl/mostRecentIssue.jsp?punumber=7467055},
  isbn      = {978-1-5090-1751-5},
  timestamp = {Sun, 05 Jun 2016 10:00:11 +0200},
  biburl    = {http://dblp.org/rec/bib/conf/eurosp/2016},
  bibsource = {dblp computer science bibliography, http://dblp.org}
}

@proceedings{DBLP:conf/aistats/2010,
	editor    = {Yee Whye Teh and
	D. Mike Titterington},
	title     = {Proceedings of the Thirteenth International Conference on Artificial
	Intelligence and Statistics, {AISTATS} 2010, Chia Laguna Resort, Sardinia,
	Italy, May 13-15, 2010},
	series    = {{JMLR} Proceedings},
	volume    = {9},
	publisher = {JMLR.org},
	year      = {2010},
	url       = {http://jmlr.org/proceedings/papers/v9/},
	timestamp = {Thu, 11 Sep 2014 07:28:56 +0200},
	biburl    = {http://dblp.org/rec/bib/conf/aistats/2010},
	bibsource = {dblp computer science bibliography, http://dblp.org}
}

@proceedings{DBLP:conf/icc/2010,
	title     = {Proceedings of {IEEE} International Conference on Communications,
	{ICC} 2010, Cape Town, South Africa, 23-27 May 2010},
	publisher = {{IEEE}},
	year      = {2010},
	url       = {http://ieeexplore.ieee.org/xpl/mostRecentIssue.jsp?punumber=5497983},
	isbn      = {978-1-4244-6402-9},
	timestamp = {Mon, 05 Sep 2011 17:37:55 +0200},
	biburl    = {http://dblp.org/rec/bib/conf/icc/2010},
	bibsource = {dblp computer science bibliography, http://dblp.org}
}

@proceedings{DBLP:conf/im/2011,
	editor    = {Nazim Agoulmine and
	Claudio Bartolini and
	Tom Pfeifer and
	Declan O'Sullivan},
	title     = {Proceedings of the 12th {IFIP/IEEE} International Symposium on Integrated
	Network Management, {IM} 2011, Dublin, Ireland, 23-27 May 2011},
	publisher = {{IEEE}},
	year      = {2011},
	isbn      = {978-1-4244-9221-3},
	timestamp = {Mon, 22 Aug 2011 07:13:48 +0200},
	biburl    = {http://dblp.org/rec/bib/conf/im/2011},
	bibsource = {dblp computer science bibliography, http://dblp.org}
}

@proceedings{DBLP:conf/icccn/2008,
	title     = {Proceedings of the 17th International Conference on Computer Communications
	and Networks, {IEEE} {ICCCN} 2008, St. Thomas, {U.S.} Virgin Islands,
	August 3-7, 2008},
	publisher = {{IEEE}},
	year      = {2008},
	url       = {http://ieeexplore.ieee.org/xpl/mostRecentIssue.jsp?punumber=4674159},
	isbn      = {978-1-4244-2390-3},
	timestamp = {Wed, 23 Mar 2016 15:09:51 +0100},
	biburl    = {http://dblp.org/rec/bib/conf/icccn/2008},
	bibsource = {dblp computer science bibliography, http://dblp.org}
}

@proceedings{DBLP:conf/icc/2013,
	title     = {Proceedings of {IEEE} International Conference on Communications,
	{ICC} 2013, Budapest, Hungary, June 9-13, 2013},
	publisher = {{IEEE}},
	year      = {2013},
	url       = {http://ieeexplore.ieee.org/xpl/mostRecentIssue.jsp?punumber=6637584},
	timestamp = {Tue, 12 Nov 2013 16:06:29 +0100},
	biburl    = {http://dblp.org/rec/bib/conf/icc/2013},
	bibsource = {dblp computer science bibliography, http://dblp.org}
}

@proceedings{DBLP:conf/sigcomm/2005,
	editor    = {Roch Gu{\'{e}}rin and
	Ramesh Govindan and
	Greg Minshall},
	title     = {Proceedings of the {ACM} {SIGCOMM} 2005 Conference on Applications,
	Technologies, Architectures, and Protocols for Computer Communications,
	Philadelphia, Pennsylvania, USA, August 22-26, 2005},
	publisher = {{ACM}},
	year      = {2005},
	url       = {http://doi.acm.org/10.1145/1080091},
	doi       = {10.1145/1080091},
	isbn      = {1-59593-009-4},
	timestamp = {Tue, 26 Jan 2016 10:12:59 +0100},
	biburl    = {http://dblp.org/rec/bib/conf/sigcomm/2005},
	bibsource = {dblp computer science bibliography, http://dblp.org}
}

@proceedings{DBLP:conf/sigcomm/2004,
	editor    = {Raj Yavatkar and
	Ellen W. Zegura and
	Jennifer Rexford},
	title     = {Proceedings of the {ACM} {SIGCOMM} 2004 Conference on Applications,
	Technologies, Architectures, and Protocols for Computer Communication,
	August 30 - September 3, 2004, Portland, Oregon, {USA}},
	publisher = {{ACM}},
	year      = {2004},
	url       = {http://doi.acm.org/10.1145/1015467},
	doi       = {10.1145/1015467},
	isbn      = {1-58113-862-8},
	timestamp = {Tue, 26 Jan 2016 10:12:59 +0100},
	biburl    = {http://dblp.org/rec/bib/conf/sigcomm/2004},
	bibsource = {dblp computer science bibliography, http://dblp.org}
}

@proceedings{DBLP:conf/icdcs/2012,
	title     = {2012 {IEEE} 32nd International Conference on Distributed Computing
	Systems, Macau, China, June 18-21, 2012},
	publisher = {{IEEE} Computer Society},
	year      = {2012},
	url       = {http://ieeexplore.ieee.org/xpl/mostRecentIssue.jsp?punumber=6257102},
	isbn      = {978-1-4577-0295-2},
	timestamp = {Thu, 11 Dec 2014 17:34:04 +0100},
	biburl    = {http://dblp.org/rec/bib/conf/icdcs/2012},
	bibsource = {dblp computer science bibliography, http://dblp.org}
}

@proceedings{DBLP:conf/icml/2015,
	editor    = {Francis R. Bach and
	David M. Blei},
	title     = {Proceedings of the 32nd International Conference on Machine Learning,
	{ICML} 2015, Lille, France, 6-11 July 2015},
	series    = {{JMLR} Workshop and Conference Proceedings},
	volume    = {37},
	publisher = {JMLR.org},
	year      = {2015},
	url       = {http://jmlr.org/proceedings/papers/v37/},
	timestamp = {Wed, 29 Mar 2017 16:45:25 +0200},
	biburl    = {http://dblp.org/rec/bib/conf/icml/2015},
	bibsource = {dblp computer science bibliography, http://dblp.org}
}

@proceedings{DBLP:conf/infocom/2007,
	title     = {{INFOCOM} 2007. 26th {IEEE} International Conference on Computer Communications,
	Joint Conference of the {IEEE} Computer and Communications Societies,
	6-12 May 2007, Anchorage, Alaska, {USA}},
	publisher = {{IEEE}},
	year      = {2007},
	url       = {http://ieeexplore.ieee.org/xpl/mostRecentIssue.jsp?punumber=4215581},
	isbn      = {1-4244-1046-0},
	timestamp = {Mon, 26 Jan 2015 16:54:49 +0100},
	biburl    = {http://dblp.org/rec/bib/conf/infocom/2007},
	bibsource = {dblp computer science bibliography, http://dblp.org}
}

@proceedings{DBLP:conf/lisa/1999,
	editor    = {David W. Parter},
	title     = {Proceedings of the 13th Conference on Systems Administration (LISA-99),
	Seattle, WA, November 7-12, 1999},
	publisher = {{USENIX}},
	year      = {1999},
	url       = {https://www.usenix.org/publications/proceedings/?f[0]=im_group_audience%3A218},
	isbn      = {1-880446-25-1},
	timestamp = {Thu, 15 May 2014 18:36:22 +0200},
	biburl    = {http://dblp.org/rec/bib/conf/lisa/1999},
	bibsource = {dblp computer science bibliography, http://dblp.org}
}

@proceedings{DBLP:conf/mates/2008,
	editor    = {Ralph Bergmann and
	Gabriela Lindemann and
	Stefan Kirn and
	Michal Pechoucek},
	title     = {Multiagent System Technologies, 6th German Conference, {MATES} 2008,
	Kaiserslautern, Germany, September 23-26, 2008. Proceedings},
	series    = {Lecture Notes in Computer Science},
	volume    = {5244},
	publisher = {Springer},
	year      = {2008},
	url       = {https://doi.org/10.1007/978-3-540-87805-6},
	doi       = {10.1007/978-3-540-87805-6},
	isbn      = {978-3-540-87804-9},
	timestamp = {Tue, 13 Jun 2017 10:37:55 +0200},
	biburl    = {http://dblp.org/rec/bib/conf/mates/2008},
	bibsource = {dblp computer science bibliography, http://dblp.org}
}

@proceedings{DBLP:conf/paisi/2007,
	editor    = {Christopher C. Yang and
	Daniel Dajun Zeng and
	Michael Chau and
	Kuiyu Chang and
	Qing Yang and
	Xueqi Cheng and
	Jue Wang and
	Fei{-}Yue Wang and
	Hsinchun Chen},
	title     = {Intelligence and Security Informatics, Pacific Asia Workshop, {PAISI}
	2007, Chengdu, China, April 11-12, 2007, Proceedings},
	series    = {Lecture Notes in Computer Science},
	volume    = {4430},
	publisher = {Springer},
	year      = {2007},
	url       = {https://doi.org/10.1007/978-3-540-71549-8},
	doi       = {10.1007/978-3-540-71549-8},
	isbn      = {978-3-540-71548-1},
	timestamp = {Fri, 02 Jun 2017 13:01:07 +0200},
	biburl    = {http://dblp.org/rec/bib/conf/paisi/2007},
	bibsource = {dblp computer science bibliography, http://dblp.org}
}

@proceedings{DBLP:conf/isi/2016,
	title     = {{IEEE} Conference on Intelligence and Security Informatics, {ISI}
	2016, Tucson, AZ, USA, September 28-30, 2016},
	publisher = {{IEEE}},
	year      = {2016},
	url       = {http://ieeexplore.ieee.org/xpl/mostRecentIssue.jsp?punumber=7739307},
	isbn      = {978-1-5090-3865-7},
	timestamp = {Fri, 25 Nov 2016 15:15:05 +0100},
	biburl    = {http://dblp.org/rec/bib/conf/isi/2016},
	bibsource = {dblp computer science bibliography, http://dblp.org}
}

@proceedings{DBLP:conf/aistats/2017,
	editor    = {Aarti Singh and
	Xiaojin (Jerry) Zhu},
	title     = {Proceedings of the 20th International Conference on Artificial Intelligence
	and Statistics, {AISTATS} 2017, 20-22 April 2017, Fort Lauderdale,
	FL, {USA}},
	series    = {Proceedings of Machine Learning Research},
	volume    = {54},
	publisher = {{PMLR}},
	year      = {2017},
	url       = {http://jmlr.org/proceedings/papers/v54/},
	timestamp = {Wed, 16 Aug 2017 11:08:55 +0200},
	biburl    = {http://dblp.org/rec/bib/conf/aistats/2017},
	bibsource = {dblp computer science bibliography, http://dblp.org}
}

@proceedings{DBLP:conf/ancs/2017,
	title     = {{ACM/IEEE} Symposium on Architectures for Networking and Communications
	Systems, {ANCS} 2017, Beijing, China, May 18-19, 2017},
	publisher = {{IEEE}},
	year      = {2017},
	url       = {http://ieeexplore.ieee.org/xpl/mostRecentIssue.jsp?punumber=7963999},
	isbn      = {978-1-5090-6386-4},
	timestamp = {Wed, 12 Jul 2017 08:41:27 +0200},
	biburl    = {http://dblp.org/rec/bib/conf/ancs/2017},
	bibsource = {dblp computer science bibliography, http://dblp.org}
}

@proceedings{DBLP:conf/icml/2014,
	title     = {Proceedings of the 31th International Conference on Machine Learning,
	{ICML} 2014, Beijing, China, 21-26 June 2014},
	series    = {{JMLR} Workshop and Conference Proceedings},
	volume    = {32},
	publisher = {JMLR.org},
	year      = {2014},
	url       = {http://jmlr.org/proceedings/papers/v32/},
	timestamp = {Wed, 29 Mar 2017 16:45:25 +0200},
	biburl    = {http://dblp.org/rec/bib/conf/icml/2014},
	bibsource = {dblp computer science bibliography, http://dblp.org}
}

@proceedings{DBLP:conf/sigmetrics/2005,
	editor    = {Derek L. Eager and
	Carey L. Williamson and
	Sem C. Borst and
	John C. S. Lui},
	title     = {Proceedings of the International Conference on Measurements and Modeling
	of Computer Systems, {SIGMETRICS} 2005, June 6-10, 2005, Banff, Alberta,
	Canada},
	publisher = {{ACM}},
	year      = {2005},
	url       = {http://doi.acm.org/10.1145/1064212},
	doi       = {10.1145/1064212},
	isbn      = {1-59593-022-1},
	timestamp = {Fri, 11 Mar 2016 18:31:16 +0100},
	biburl    = {http://dblp.org/rec/bib/conf/sigmetrics/2005},
	bibsource = {dblp computer science bibliography, http://dblp.org}
}

@proceedings{DBLP:conf/ki/2010,
	editor    = {R{\"{u}}diger Dillmann and
	J{\"{u}}rgen Beyerer and
	Uwe D. Hanebeck and
	Tanja Schultz},
	title     = {{KI} 2010: Advances in Artificial Intelligence, 33rd Annual German
	Conference on AI, Karlsruhe, Germany, September 21-24, 2010. Proceedings},
	series    = {Lecture Notes in Computer Science},
	volume    = {6359},
	publisher = {Springer},
	year      = {2010},
	url       = {https://doi.org/10.1007/978-3-642-16111-7},
	doi       = {10.1007/978-3-642-16111-7},
	isbn      = {978-3-642-16110-0},
	timestamp = {Thu, 25 May 2017 00:42:14 +0200},
	biburl    = {http://dblp.org/rec/bib/conf/ki/2010},
	bibsource = {dblp computer science bibliography, http://dblp.org}
}

@proceedings{DBLP:conf/ki/2011,
	editor    = {Joscha Bach and
	Stefan Edelkamp},
	title     = {{KI} 2011: Advances in Artificial Intelligence, 34th Annual German
	Conference on AI, Berlin, Germany, October 4-7,2011. Proceedings},
	series    = {Lecture Notes in Computer Science},
	volume    = {7006},
	publisher = {Springer},
	year      = {2011},
	url       = {https://doi.org/10.1007/978-3-642-24455-1},
	doi       = {10.1007/978-3-642-24455-1},
	isbn      = {978-3-642-24454-4},
	timestamp = {Thu, 25 May 2017 00:42:14 +0200},
	biburl    = {http://dblp.org/rec/bib/conf/ki/2011},
	bibsource = {dblp computer science bibliography, http://dblp.org}
}

@proceedings{DBLP:conf/annpr/2012,
	editor    = {Nadia Mana and
	Friedhelm Schwenker and
	Edmondo Trentin},
	title     = {Artificial Neural Networks in Pattern Recognition - 5th {INNS} {IAPR}
	{TC} 3 {GIRPR} Workshop, {ANNPR} 2012, Trento, Italy, September 17-19,
	2012. Proceedings},
	series    = {Lecture Notes in Computer Science},
	volume    = {7477},
	publisher = {Springer},
	year      = {2012},
	url       = {https://doi.org/10.1007/978-3-642-33212-8},
	doi       = {10.1007/978-3-642-33212-8},
	isbn      = {978-3-642-33211-1},
	timestamp = {Wed, 24 May 2017 08:28:33 +0200},
	biburl    = {http://dblp.org/rec/bib/conf/annpr/2012},
	bibsource = {dblp computer science bibliography, http://dblp.org}
}

@proceedings{DBLP:conf/ndss/2017,
	title     = {24th Annual Network and Distributed System Security Symposium, {NDSS}
	2017, San Diego, California, USA, February 26 - March 1, 2017},
	publisher = {The Internet Society},
	year      = {2017},
	url       = {https://www.ndss-symposium.org/ndss2017/},
	timestamp = {Tue, 16 Jan 2018 15:43:37 +0100},
	biburl    = {http://dblp.org/rec/bib/conf/ndss/2017},
	bibsource = {dblp computer science bibliography, http://dblp.org}
}

@proceedings{DBLP:conf/ndss/2013,
	title     = {20th Annual Network and Distributed System Security Symposium, {NDSS}
	2013, San Diego, California, USA, February 24-27, 2013},
	publisher = {The Internet Society},
	year      = {2013},
	url       = {https://www.ndss-symposium.org/ndss2013/},
	timestamp = {Tue, 16 Jan 2018 13:23:48 +0100},
	biburl    = {http://dblp.org/rec/bib/conf/ndss/2013},
	bibsource = {dblp computer science bibliography, http://dblp.org}
}

@proceedings{DBLP:conf/hotnets/2016,
	editor    = {Bryan Ford and
	Alex C. Snoeren and
	Ellen W. Zegura},
	title     = {Proceedings of the 15th {ACM} Workshop on Hot Topics in Networks,
	HotNets 2016, Atlanta, GA, USA, November 9-10, 2016},
	publisher = {{ACM}},
	year      = {2016},
	url       = {http://doi.acm.org/10.1145/3005745},
	doi       = {10.1145/3005745},
	isbn      = {978-1-4503-4661-0},
	timestamp = {Tue, 22 Nov 2016 13:19:52 +0100},
	biburl    = {http://dblp.org/rec/bib/conf/hotnets/2016},
	bibsource = {dblp computer science bibliography, http://dblp.org}
}

@proceedings{DBLP:conf/dsn/2017,
	title     = {47th Annual {IEEE/IFIP} International Conference on Dependable Systems
	and Networks, {DSN} 2017, Denver, CO, USA, June 26-29, 2017},
	publisher = {{IEEE} Computer Society},
	year      = {2017},
	url       = {http://ieeexplore.ieee.org/xpl/mostRecentIssue.jsp?punumber=8019912},
	isbn      = {978-1-5386-0542-4},
	timestamp = {Tue, 05 Sep 2017 17:42:32 +0200},
	biburl    = {http://dblp.org/rec/bib/conf/dsn/2017},
	bibsource = {dblp computer science bibliography, http://dblp.org}
}

@proceedings{DBLP:conf/sp/2010,
	title     = {31st {IEEE} Symposium on Security and Privacy, S{\&}P 2010, 16-19
	May 2010, Berleley/Oakland, California, {USA}},
	publisher = {{IEEE} Computer Society},
	year      = {2010},
	url       = {http://ieeexplore.ieee.org/xpl/mostRecentIssue.jsp?punumber=5504620},
	isbn      = {978-0-7695-4035-1},
	timestamp = {Thu, 08 Jan 2015 16:59:43 +0100},
	biburl    = {https://dblp.org/rec/bib/conf/sp/2010},
	bibsource = {dblp computer science bibliography, https://dblp.org}
}

@proceedings{DBLP:conf/cisda/2009,
	title     = {2009 {IEEE} Symposium on Computational Intelligence for Security and
	Defense Applications, {CISDA} 2009, Ottawa, Canada, July 8-10, 2009},
	publisher = {{IEEE}},
	year      = {2009},
	url       = {http://ieeexplore.ieee.org/xpl/mostRecentIssue.jsp?punumber=5351161},
	isbn      = {978-1-4244-3764-1},
	timestamp = {Wed, 02 Jul 2014 20:19:29 +0200},
	biburl    = {https://dblp.org/rec/bib/conf/cisda/2009},
	bibsource = {dblp computer science bibliography, https://dblp.org}
}

@proceedings{DBLP:conf/ccs/2003,
	editor    = {Sushil Jajodia and
	Vijayalakshmi Atluri and
	Trent Jaeger},
	title     = {Proceedings of the 10th {ACM} Conference on Computer and Communications
	Security, {CCS} 2003, Washington, DC, USA, October 27-30, 2003},
	publisher = {{ACM}},
	year      = {2003},
	url       = {http://dl.acm.org/citation.cfm?id=948109},
	isbn      = {1-58113-738-9},
	timestamp = {Fri, 09 Dec 2011 14:34:06 +0100},
	biburl    = {https://dblp.org/rec/bib/conf/ccs/2003},
	bibsource = {dblp computer science bibliography, https://dblp.org}
}

@proceedings{DBLP:conf/ccs/1999,
	editor    = {Juzar Motiwalla and
	Gene Tsudik},
	title     = {{CCS} '99, Proceedings of the 6th {ACM} Conference on Computer and
	Communications Security, Singapore, November 1-4, 1999},
	publisher = {{ACM}},
	year      = {1999},
	url       = {http://dl.acm.org/citation.cfm?id=319709},
	isbn      = {1-58113-148-8},
	timestamp = {Fri, 09 Dec 2011 14:34:06 +0100},
	biburl    = {https://dblp.org/rec/bib/conf/ccs/1999},
	bibsource = {dblp computer science bibliography, https://dblp.org}
}

@proceedings{DBLP:conf/uss/2007,
	editor    = {Niels Provos},
	title     = {Proceedings of the 16th {USENIX} Security Symposium, Boston, MA, USA,
	August 6-10, 2007},
	publisher = {{USENIX} Association},
	year      = {2007},
	url       = {https://www.usenix.org/publications/proceedings/?f[0]=im_group_audience%3A312},
	timestamp = {Fri, 19 Aug 2016 15:38:03 +0200},
	biburl    = {https://dblp.org/rec/bib/conf/uss/2007},
	bibsource = {dblp computer science bibliography, https://dblp.org}
}

@proceedings{DBLP:conf/uss/2005,
	editor    = {Patrick D. McDaniel},
	title     = {Proceedings of the 14th {USENIX} Security Symposium, Baltimore, MD,
	USA, July 31 - August 5, 2005},
	publisher = {{USENIX} Association},
	year      = {2005},
	url       = {https://www.usenix.org/publications/proceedings/?f[0]=im_group_audience%3A156},
	timestamp = {Thu, 17 Nov 2016 19:38:24 +0100},
	biburl    = {https://dblp.org/rec/bib/conf/uss/2005},
	bibsource = {dblp computer science bibliography, https://dblp.org}
}

@proceedings{DBLP:conf/ccs/2006usa,
	editor    = {Ari Juels and
	Rebecca N. Wright and
	Sabrina De Capitani di Vimercati},
	title     = {Proceedings of the 13th {ACM} Conference on Computer and Communications
	Security, {CCS} 2006, Alexandria, VA, USA, Ioctober 30 - November
	3, 2006},
	publisher = {{ACM}},
	year      = {2006},
	timestamp = {Mon, 11 Dec 2006 11:03:22 +0100},
	biburl    = {https://dblp.org/rec/bib/conf/ccs/2006usa},
	bibsource = {dblp computer science bibliography, https://dblp.org}
}

@proceedings{DBLP:conf/ccs/2006,
	editor    = {Ferng{-}Ching Lin and
	Der{-}Tsai Lee and
	Bao{-}Shuh Paul Lin and
	Shiuhpyng Shieh and
	Sushil Jajodia},
	title     = {Proceedings of the 2006 {ACM} Symposium on Information, Computer and
	Communications Security, {ASIACCS} 2006, Taipei, Taiwan, March 21-24,
	2006},
	publisher = {{ACM}},
	year      = {2006},
	isbn      = {1-59593-272-0},
	timestamp = {Tue, 21 Nov 2017 18:32:25 +0100},
	biburl    = {https://dblp.org/rec/bib/conf/ccs/2006},
	bibsource = {dblp computer science bibliography, https://dblp.org}
}

@proceedings{DBLP:conf/acsac/2017,
	title     = {Proceedings of the 33rd Annual Computer Security Applications Conference,
	Orlando, FL, USA, December 4-8, 2017},
	publisher = {{ACM}},
	year      = {2017},
	url       = {http://doi.acm.org/10.1145/3134600},
	doi       = {10.1145/3134600},
	isbn      = {978-1-4503-5345-8},
	timestamp = {Thu, 07 Dec 2017 13:06:27 +0100},
	biburl    = {https://dblp.org/rec/bib/conf/acsac/2017},
	bibsource = {dblp computer science bibliography, https://dblp.org}
}

@proceedings{DBLP:conf/raid/2004,
	editor    = {Erland Jonsson and
	Alfonso Valdes and
	Magnus Almgren},
	title     = {Recent Advances in Intrusion Detection: 7th International Symposium,
	{RAID} 2004, Sophia Antipolis, France, September 15-17, 2004. Proceedings},
	series    = {Lecture Notes in Computer Science},
	volume    = {3224},
	publisher = {Springer},
	year      = {2004},
	url       = {https://doi.org/10.1007/b100714},
	doi       = {10.1007/b100714},
	isbn      = {3-540-23123-4},
	timestamp = {Tue, 30 May 2017 12:57:44 +0200},
	biburl    = {https://dblp.org/rec/bib/conf/raid/2004},
	bibsource = {dblp computer science bibliography, https://dblp.org}
}

@proceedings{DBLP:conf/sp/2017,
	title     = {2017 {IEEE} Symposium on Security and Privacy, {SP} 2017, San Jose,
	CA, USA, May 22-26, 2017},
	publisher = {{IEEE} Computer Society},
	year      = {2017},
	url       = {http://ieeexplore.ieee.org/xpl/mostRecentIssue.jsp?punumber=7957740},
	isbn      = {978-1-5090-5533-3},
	timestamp = {Tue, 27 Jun 2017 13:01:08 +0200},
	biburl    = {https://dblp.org/rec/bib/conf/sp/2017},
	bibsource = {dblp computer science bibliography, https://dblp.org}
}

@proceedings{DBLP:conf/sp/2016,
	title     = {{IEEE} Symposium on Security and Privacy, {SP} 2016, San Jose, CA,
	USA, May 22-26, 2016},
	publisher = {{IEEE} Computer Society},
	year      = {2016},
	url       = {http://ieeexplore.ieee.org/xpl/mostRecentIssue.jsp?punumber=7528194},
	isbn      = {978-1-5090-0824-7},
	timestamp = {Tue, 20 Sep 2016 12:04:24 +0200},
	biburl    = {https://dblp.org/rec/bib/conf/sp/2016},
	bibsource = {dblp computer science bibliography, https://dblp.org}
}

@proceedings{DBLP:conf/hotnets/2017,
	editor    = {Sujata Banerjee and
	Brad Karp and
	Michael Walfish},
	title     = {Proceedings of the 16th {ACM} Workshop on Hot Topics in Networks,
	Palo Alto, CA, USA, HotNets 2017, November 30 - December 01, 2017},
	publisher = {{ACM}},
	year      = {2017},
	url       = {http://doi.acm.org/10.1145/3152434},
	doi       = {10.1145/3152434},
	isbn      = {978-1-4503-5569-8},
	timestamp = {Thu, 30 Nov 2017 14:40:44 +0100},
	biburl    = {https://dblp.org/rec/bib/conf/hotnets/2017},
	bibsource = {dblp computer science bibliography, https://dblp.org}
}
