@online{SnortManual,
	author = {Snort Team},
	title = {SNORT\textsuperscript{\textregistered} Users Manual},
	url = {https://www.snort.org/documents/snort-users-manual},
	version = {2.9.11},
	month = {8},
	year = {2017},
	urldate = {2017-11-10},
}

@thesis{WieringMThesisRLExploration,
	author = {Wiering, Marco},
	title = {Explorations in Efficient Reinforcement Learning},
	type = {PhD Thesis},
	institution = {University of Amsterdam, Amsterdam},
	date = {1999-02-17},
	url = {http://hdl.handle.net/11245/1.164863},
}

@book{RL2E,
	author    = {Richard S. Sutton and
	Andrew G. Barto},
	title     = {Reinforcement Learning: An Introduction},
	year      = {2018},
	url       = {http://incompleteideas.net/book/the-book-2nd.html},
	publisher = {{MIT} Press},	
	edition = {2},
	note = {In progress.}
}

@online{KDDcup99,
	title = {KDD Cup 1999},
	date = {1999-10-28},
	url = {http://kdd.ics.uci.edu/databases/kddcup99/kddcup99.html},
	urldate = {2018-03-01},
}

@online{DARPA-IDD,
	title = {DARPA Intrusion Detection Data Sets},
	url = {https://www.ll.mit.edu/ideval/data/},
	urldate = {2018-03-01},
	organization = {MIT Lincoln Labs}
}

@online{ArborAps,
	title = {Arbor Networks APS},
	url = {https://www.arbornetworks.com/ddos-protection-products/arbor-aps},
	urldate = {2018-03-02},
	organization = {Arbor Networks}
}

@online{StealthWatch,
	title = {Cisco StealthWatch},
	url = {https://www.cisco.com/c/en/us/products/security/stealthwatch/index.html},
	urldate = {2018-03-02},
	organization = {Cisco}
}

@online{mininet,
	title = {Mininet: An Instant Virtual Network on your Laptop (or other PC)},
	url = {http://mininet.org},
	urldate = {2018-03-02}
}