@book{DBLP:books/lib/WittenFH11,
  author    = {Ian H. Witten and
               Frank Eibe and
               Mark A. Hall},
  title     = {Data mining: practical machine learning tools and techniques, 3rd
               Edition},
  publisher = {Morgan Kaufmann, Elsevier},
  year      = {2011},
  url       = {http://www.worldcat.org/oclc/262433473},
  isbn      = {9780123748560},
  timestamp = {Thu, 27 Apr 2017 16:04:05 +0200},
  biburl    = {https://dblp.org/rec/bib/books/lib/WittenFH11},
  bibsource = {dblp computer science bibliography, https://dblp.org}
}