@online{SnortManual,
	author = {Snort Team},
	title = {SNORT\textsuperscript{\textregistered} Users Manual},
	url = {https://www.snort.org/documents/snort-users-manual},
	version = {2.9.11},
	month = {8},
	year = {2017},
	urldate = {2017-11-10},
}

@thesis{WieringMThesisRLExploration,
	author = {Wiering, Marco},
	title = {Explorations in Efficient Reinforcement Learning},
	type = {PhD Thesis},
	institution = {University of Amsterdam, Amsterdam},
	date = {1999-02-17},
	url = {http://hdl.handle.net/11245/1.164863},
}

@book{RL2E,
	author    = {Richard S. Sutton and
	Andrew G. Barto},
	title     = {Reinforcement Learning: An Introduction},
	year      = {2018},
	month     = {11},
	url       = {http://incompleteideas.net/book/the-book-2nd.html},
	publisher = {{MIT} Press},	
	edition = {2},
	isbn = {9780262039246},
}

@online{KDDcup99,
	title = {KDD Cup 1999},
	date = {1999-10-28},
	url = {http://kdd.ics.uci.edu/databases/kddcup99/kddcup99.html},
	urldate = {2018-03-01},
}

@online{DARPA-IDD,
	title = {DARPA Intrusion Detection Data Sets},
	url = {https://www.ll.mit.edu/r-d/datasets},
	urldate = {2018-08-07},
	organization = {MIT Lincoln Labs},
	year = {2018},
}

@online{ArborAps,
	title = {Arbor Networks APS},
	url = {https://www.arbornetworks.com/ddos-protection-products/arbor-aps},
	urldate = {2018-03-02},
	organization = {Arbor Networks}
}

@online{StealthWatch,
	title = {Cisco StealthWatch},
	url = {https://www.cisco.com/c/en/us/products/security/stealthwatch/index.html},
	urldate = {2018-03-02},
	organization = {Cisco}
}

@online{mininet,
	title = {Mininet: An Instant Virtual Network on your Laptop (or other {PC})},
	url = {http://mininet.org},
	urldate = {2018-03-02},
	year = {2018},
}

@online{ics-datasets-morris,
	title = {Industrial Control System (ICS) Cyber Attack Datasets - Tommy Morris},
	url = {https://sites.google.com/a/uah.edu/tommy-morris-uah/ics-data-sets},
	urldate = {2018-04-11}
}

@inproceedings{ics-datasets-morris-paper,
	author = {Thomas H. Morris and
	Zach Thornton and
	Ian Turnipseed},
	title = {Industrial Control System Simulation and Data Logging for Intrusion Detection System Research},
	booktitle = {7th Annual Southeastern Cyber Security Summit},
	date = {2015-6},
	location = {Huntsville, AL},
	url = {http://www.ece.uah.edu/~thm0009/icsdatasets/cyberhuntsvillepaper_v4.pdf},
	urldate = {2018-04-11},
}

@online{open-vswitch,
	title = {Open vSwitch},
	url = {https://www.openvswitch.org/},
	urldate = {2018-05-02},
	year = {2018},
}

@online{stratosphere-ips-datasets,
	title = {Datasets Overview},
	url = {https://www.stratosphereips.org/datasets-overview/},
	organization = {Stratosphere IPS},
	urldate = {2018-04-17},
}

@online{nsl-kdd,
	title = {NSL-KDD Dataset},
	url = {https://github.com/defcom17/NSL_KDD},
	OPTorganization = {Defcom '17},
	urldate = {2018-04-17},
}

@online{mr-malware-dataset,
	author = {Marco Ramilli},
	title = {Malware Training Sets: a machine learning dataset for everyone},
	date = {2016-12},
	url = {http://marcoramilli.blogspot.it/2016/12/malware-training-sets-machine-learning.html},
	urldate = {2018-04-17},
}

@Misc{kent-2015-cyberdata1,
	author =     {Alexander D. Kent},
	title =      {{Comprehensive, Multi-Source Cyber-Security Events}},
	year =       {2015},
	howpublished = {Los Alamos National Laboratory},
	doi = {10.17021/1179829}
}

@online{github-ddos-2018,
	title = {February 28th DDoS Incident Report},
	author = {Sam Kottler},
	date = {2018-03-01},
	organization = {GitHub Engineering},
	url = {https://githubengineering.com/ddos-incident-report/},
	urldate = {2018-05-04},
}

@online{dyn-ddos-2016,
	title = {Dyn Analysis Summary Of Friday October 21 Attack},
	author = {Scott Hilton},
	organization = {Dyn},
	url = {https://dyn.com/blog/dyn-analysis-summary-of-friday-october-21-attack/},
	urldate = {2018-05-04},
	date = {2016-10-26},
}

@online{krebs-ddos-2016,
	title = {KrebsOnSecurity Hit With Record DDoS},
	author = {Brian Krebs},
	organization = {KrebsOnSecurity},
	url = {https://krebsonsecurity.com/2016/09/krebsonsecurity-hit-with-record-ddos/},
	urldate = {2018-05-04},
	date = {2016-09-21},
}

@online{ovh-ddos-2016,
	author = {Octave Klaba},
	organization = {OVH},
	url = {https://twitter.com/olesovhcom/status/778830571677978624},
	urldate = {2018-05-04},
	date = {2016-09-22},
}

@online{nhs-wannacry-2017,
	title = {NHS cyber-attack: GPs and hospitals hit by ransomware},
	organization = {BBC News},
	url = {http://www.bbc.co.uk/news/health-39899646},
	data = {2017-05-13},
	urldate = {2018-05-04},
}

@report{active-learning-report,
	author = {Burr Settles},
	title = {Active Learning Literature Survey},
	type = {Computer Sciences Technical Report},
	institution = {University of Wisconsin-Madison},
	date = {2010-01-26},
	url = {http://burrsettles.com/pub/settles.activelearning.pdf},
	urldate = {2018-05-10},
}

@online{Smominru-proofpoint,
	title={Smominru Monero Mining Botnet Making Millions for Operators},
	author={Kafeine},
	url={https://www.proofpoint.com/us/threat-insight/post/smominru-monero-mining-botnet-making-millions-operators},
	date={2018-01-31},
	urldate={2018-05-18},
}

@online{Smominru-trendmicro,
	title={Cryptocurrency Miner Uses WMI and EternalBlue To Spread Filelessly},
	url={https://blog.trendmicro.com/trendlabs-security-intelligence/cryptocurrency-miner-uses-wmi-eternalblue-spread-filelessly/},
	author={Trend Micro},
	date={2017-08-21},
	urldate={2018-05-18},
}

@report{symantec-istr-2018,
	title={Internet Security Threat Report},
	number={23},
	institution={Symantec},
	type={Technical Report},
	author = {Gillian Cleary and
	Mayee Corpin and
	Orla Cox and
	Hon Lau and
	Benjamin Nahorney and
	Dick O'Brien and
	Brigid O'Gorman and
	John-Paul Power and
	Scott Wallace and
	Paul Wood and
	Candid Wueest},
	month={3},
	year={2018},
}

@online{owasp,
	title={OWASP},
	url={https://owasp.org},
	organisation={Open Web Application Security Project},
	urldate={2018-05-18},
}

@report{owasp-top10-2017,
	title={OWASP Top 10---2017},
	subtitle={The Ten Most Critical Web Application Security Risks},
	institution={Open Web Application Security Project},
	url={https://www.owasp.org/images/7/72/OWASP_Top_10-2017_%28en%29.pdf.pdf},
	urldate={2018-05-18},
	month={11},
	year={2017},
}

@online{federated-learning-blog,
	title={Federated Learning: Collaborative Machine Learning without Centralized Training Data},
	author={Brendan McMahan and
	Daniel Ramage},
	date={2017-04-06},
	url={https://ai.googleblog.com/2017/04/federated-learning-collaborative.html},
	urldate={2018-05-21},
}

@online{ryu,
	title = {Ryu {SDN} Framework},
	url = {https://osrg.github.io/ryu/},
	urldate = {2018-10-12},
	year = {2018},
}

@online{topology-zoo,
	title = {The Internet Topology Zoo},
	url = {http://www.topology-zoo.org/},
	urldate = {2019-04-04},
	year = {2013}
}

@online{caida-2018-passive,
	title = {The CAIDA UCSD Anonymized Internet Traces -- 2018},
	url = {http://www.caida.org/data/passive/passive_dataset.xml},
	urldate = {2019-05-11},
	year = {2018}
}
