@article{DBLP:journals/corr/SzegedyZSBEGF13,
  author    = {Christian Szegedy and
               Wojciech Zaremba and
               Ilya Sutskever and
               Joan Bruna and
               Dumitru Erhan and
               Ian J. Goodfellow and
               Rob Fergus},
  title     = {Intriguing properties of neural networks},
  journal   = {CoRR},
  volume    = {abs/1312.6199},
  year      = {2013},
  url       = {http://arxiv.org/abs/1312.6199},
  archivePrefix = {arXiv},
  eprint    = {1312.6199},
  timestamp = {Wed, 07 Jun 2017 14:41:52 +0200},
  biburl    = {http://dblp.org/rec/bib/journals/corr/SzegedyZSBEGF13},
  bibsource = {dblp computer science bibliography, http://dblp.org}
}

@article{DBLP:journals/corr/GoodfellowSS14,
	author    = {Ian J. Goodfellow and
	Jonathon Shlens and
	Christian Szegedy},
	title     = {Explaining and Harnessing Adversarial Examples},
	journal   = {CoRR},
	volume    = {abs/1412.6572},
	year      = {2014},
	url       = {http://arxiv.org/abs/1412.6572},
	archivePrefix = {arXiv},
	eprint    = {1412.6572},
	timestamp = {Wed, 07 Jun 2017 14:40:25 +0200},
	biburl    = {http://dblp.org/rec/bib/journals/corr/GoodfellowSS14},
	bibsource = {dblp computer science bibliography, http://dblp.org}
}

@article{DBLP:journals/corr/KurakinGB16,
	author    = {Alexey Kurakin and
	Ian J. Goodfellow and
	Samy Bengio},
	title     = {Adversarial examples in the physical world},
	journal   = {CoRR},
	volume    = {abs/1607.02533},
	year      = {2016},
	url       = {http://arxiv.org/abs/1607.02533},
	archivePrefix = {arXiv},
	eprint    = {1607.02533},
	timestamp = {Wed, 07 Jun 2017 14:40:49 +0200},
	biburl    = {http://dblp.org/rec/bib/journals/corr/KurakinGB16},
	bibsource = {dblp computer science bibliography, http://dblp.org}
}

@article{DBLP:journals/corr/AthalyeS17,
	author    = {Anish Athalye and
	Logan Engstrom and
	Andrew Ilyas and
	Kevin Kwok},
	title     = {Synthesizing Robust Adversarial Examples},
	journal   = {CoRR},
	volume    = {abs/1707.07397},
	year      = {2017},
	url       = {http://arxiv.org/abs/1707.07397},
	archivePrefix = {arXiv},
	eprint    = {1707.07397},
	timestamp = {Tue, 31 Oct 2017 11:47:03 +0100},
	biburl    = {http://dblp.org/rec/bib/journals/corr/AthalyeS17},
	bibsource = {dblp computer science bibliography, http://dblp.org}
}

@inproceedings{DBLP:conf/eurosp/PapernotMJFCS16,
	author    = {Nicolas Papernot and
	Patrick D. McDaniel and
	Somesh Jha and
	Matt Fredrikson and
	Z. Berkay Celik and
	Ananthram Swami},
	title     = {The Limitations of Deep Learning in Adversarial Settings},
	booktitle = {{IEEE} European Symposium on Security and Privacy, EuroS{\&}P
	2016, Saarbr{\"{u}}cken, Germany, March 21-24, 2016},
	pages     = {372--387},
	year      = {2016},
	crossref  = {DBLP:conf/eurosp/2016},
	url       = {https://doi.org/10.1109/EuroSP.2016.36},
	doi       = {10.1109/EuroSP.2016.36},
	timestamp = {Wed, 24 May 2017 08:27:42 +0200},
	biburl    = {http://dblp.org/rec/bib/conf/eurosp/PapernotMJFCS16},
	bibsource = {dblp computer science bibliography, http://dblp.org}
}

@inproceedings{DBLP:journals/jmlr/KloftL10,
	author    = {Marius Kloft and
	Pavel Laskov},
	title     = {Online Anomaly Detection under Adversarial Impact},
	booktitle = {Proceedings of the Thirteenth International Conference on Artificial
	Intelligence and Statistics, {AISTATS} 2010, Chia Laguna Resort, Sardinia,
	Italy, May 13-15, 2010},
	pages     = {405--412},
	year      = {2010},
	crossref  = {DBLP:conf/aistats/2010},
	url       = {http://www.jmlr.org/proceedings/papers/v9/kloft10a.html},
	timestamp = {Thu, 11 Sep 2014 07:28:56 +0200},
	biburl    = {http://dblp.org/rec/bib/journals/jmlr/KloftL10},
	bibsource = {dblp computer science bibliography, http://dblp.org}
}

@inproceedings{DBLP:conf/icc/ZhuFBB10,
	author    = {Quanyan Zhu and
	Carol J. Fung and
	Raouf Boutaba and
	Tamer Basar},
	title     = {A Distributed Sequential Algorithm for Collaborative Intrusion Detection
	Networks},
	booktitle = {Proceedings of {IEEE} International Conference on Communications,
	{ICC} 2010, Cape Town, South Africa, 23-27 May 2010},
	pages     = {1--6},
	year      = {2010},
	crossref  = {DBLP:conf/icc/2010},
	url       = {https://doi.org/10.1109/ICC.2010.5501981},
	doi       = {10.1109/ICC.2010.5501981},
	timestamp = {Thu, 25 May 2017 00:39:44 +0200},
	biburl    = {http://dblp.org/rec/bib/conf/icc/ZhuFBB10},
	bibsource = {dblp computer science bibliography, http://dblp.org}
}

@INPROCEEDINGS{5589151,
	author={R. Turner and Z. Ghahramani and S. Bottone},
	booktitle={2010 IEEE International Workshop on Machine Learning for Signal Processing},
	title={Fast online anomaly detection using scan statistics},
	year={2010},
	pages={385-390},
	keywords={data analysis;inverse problems;statistical analysis;data set;inverse problem;online anomaly detection;scan statistics;Estimation error;Kernel;Maximum likelihood estimation;Monitoring;Process control;Snow;Storms},
	doi={10.1109/MLSP.2010.5589151},
	ISSN={1551-2541},
	month={8},
}

@inproceedings{DBLP:conf/im/WangVLTSS11,
	author    = {Chengwei Wang and
	Krishnamurthy Viswanathan and
	Choudur Lakshminarayan and
	Vanish Talwar and
	Wade Satterfield and
	Karsten Schwan},
	title     = {Statistical techniques for online anomaly detection in data centers},
	booktitle = {Proceedings of the 12th {IFIP/IEEE} International Symposium on Integrated
	Network Management, {IM} 2011, Dublin, Ireland, 23-27 May 2011},
	pages     = {385--392},
	year      = {2011},
	crossref  = {DBLP:conf/im/2011},
	url       = {https://doi.org/10.1109/INM.2011.5990537},
	doi       = {10.1109/INM.2011.5990537},
	timestamp = {Wed, 17 May 2017 14:24:42 +0200},
	biburl    = {http://dblp.org/rec/bib/conf/im/WangVLTSS11},
	bibsource = {dblp computer science bibliography, http://dblp.org}
}

@inproceedings{DBLP:conf/icccn/ShanbhagW08,
	author    = {Shashank Shanbhag and
	Tilman Wolf},
	title     = {Massively Parallel Anomaly Detection in Online Network Measurement},
	booktitle = {Proceedings of the 17th International Conference on Computer Communications
	and Networks, {IEEE} {ICCCN} 2008, St. Thomas, {U.S.} Virgin Islands,
	August 3-7, 2008},
	pages     = {261--266},
	year      = {2008},
	crossref  = {DBLP:conf/icccn/2008},
	url       = {https://doi.org/10.1109/ICCCN.2008.ECP.63},
	doi       = {10.1109/ICCCN.2008.ECP.63},
	timestamp = {Sun, 04 Jun 2017 10:11:54 +0200},
	biburl    = {http://dblp.org/rec/bib/conf/icccn/ShanbhagW08},
	bibsource = {dblp computer science bibliography, http://dblp.org}
}

@inproceedings{DBLP:conf/icc/MarneridesPKH13,
	author    = {Angelos K. Marnerides and
	Dimitrios P. Pezaros and
	Hyun{-}chul Kim and
	David Hutchison},
	title     = {Internet traffic classification using energy time-frequency distributions},
	booktitle = {Proceedings of {IEEE} International Conference on Communications,
	{ICC} 2013, Budapest, Hungary, June 9-13, 2013},
	pages     = {2513--2518},
	year      = {2013},
	crossref  = {DBLP:conf/icc/2013},
	url       = {https://doi.org/10.1109/ICC.2013.6654911},
	doi       = {10.1109/ICC.2013.6654911},
	timestamp = {Thu, 25 May 2017 00:39:48 +0200},
	biburl    = {http://dblp.org/rec/bib/conf/icc/MarneridesPKH13},
	bibsource = {dblp computer science bibliography, http://dblp.org}
}

@inproceedings{DBLP:conf/sigcomm/LakhinaCD05,
	author    = {Anukool Lakhina and
	Mark Crovella and
	Christophe Diot},
	title     = {Mining anomalies using traffic feature distributions},
	booktitle = {Proceedings of the {ACM} {SIGCOMM} 2005 Conference on Applications,
	Technologies, Architectures, and Protocols for Computer Communications,
	Philadelphia, Pennsylvania, USA, August 22-26, 2005},
	pages     = {217--228},
	year      = {2005},
	crossref  = {DBLP:conf/sigcomm/2005},
	url       = {http://doi.acm.org/10.1145/1080091.1080118},
	doi       = {10.1145/1080091.1080118},
	timestamp = {Tue, 26 Jan 2016 10:12:59 +0100},
	biburl    = {http://dblp.org/rec/bib/conf/sigcomm/LakhinaCD05},
	bibsource = {dblp computer science bibliography, http://dblp.org}
}

@article{DBLP:journals/corr/SchulmanWDRK17,
	author    = {John Schulman and
	Filip Wolski and
	Prafulla Dhariwal and
	Alec Radford and
	Oleg Klimov},
	title     = {Proximal Policy Optimization Algorithms},
	journal   = {CoRR},
	volume    = {abs/1707.06347},
	year      = {2017},
	url       = {http://arxiv.org/abs/1707.06347},
	archivePrefix = {arXiv},
	eprint    = {1707.06347},
	timestamp = {Sat, 05 Aug 2017 14:56:06 +0200},
	biburl    = {http://dblp.org/rec/bib/journals/corr/SchulmanWDRK17},
	bibsource = {dblp computer science bibliography, http://dblp.org}
}

@inproceedings{DBLP:conf/sigcomm/LakhinaCD04,
	author    = {Anukool Lakhina and
	Mark Crovella and
	Christophe Diot},
	title     = {Diagnosing network-wide traffic anomalies},
	booktitle = {Proceedings of the {ACM} {SIGCOMM} 2004 Conference on Applications,
	Technologies, Architectures, and Protocols for Computer Communication,
	August 30 - September 3, 2004, Portland, Oregon, {USA}},
	pages     = {219--230},
	year      = {2004},
	crossref  = {DBLP:conf/sigcomm/2004},
	url       = {http://doi.acm.org/10.1145/1015467.1015492},
	doi       = {10.1145/1015467.1015492},
	timestamp = {Tue, 26 Jan 2016 10:12:59 +0100},
	biburl    = {http://dblp.org/rec/bib/conf/sigcomm/LakhinaCD04},
	bibsource = {dblp computer science bibliography, http://dblp.org}
}

@inproceedings{DBLP:conf/icdcs/HongCDW12,
	author    = {Chi{-}Yao Hong and
	Matthew Caesar and
	Nick G. Duffield and
	Jia Wang},
	title     = {Tiresias: Online Anomaly Detection for Hierarchical Operational Network
	Data},
	booktitle = {2012 {IEEE} 32nd International Conference on Distributed Computing
	Systems, Macau, China, June 18-21, 2012},
	pages     = {173--182},
	year      = {2012},
	crossref  = {DBLP:conf/icdcs/2012},
	url       = {https://doi.org/10.1109/ICDCS.2012.30},
	doi       = {10.1109/ICDCS.2012.30},
	timestamp = {Sun, 21 May 2017 00:17:45 +0200},
	biburl    = {http://dblp.org/rec/bib/conf/icdcs/HongCDW12},
	bibsource = {dblp computer science bibliography, http://dblp.org}
}

@inproceedings{DBLP:conf/icml/SchulmanLAJM15,
	author    = {John Schulman and
	Sergey Levine and
	Pieter Abbeel and
	Michael I. Jordan and
	Philipp Moritz},
	title     = {Trust Region Policy Optimization},
	booktitle = {Proceedings of the 32nd International Conference on Machine Learning,
	{ICML} 2015, Lille, France, 6-11 July 2015},
	pages     = {1889--1897},
	year      = {2015},
	crossref  = {DBLP:conf/icml/2015},
	url       = {http://jmlr.org/proceedings/papers/v37/schulman15.html},
	timestamp = {Wed, 29 Mar 2017 16:45:25 +0200},
	biburl    = {http://dblp.org/rec/bib/conf/icml/SchulmanLAJM15},
	bibsource = {dblp computer science bibliography, http://dblp.org}
}

@inproceedings{DBLP:conf/infocom/AhmedCL07,
	author    = {Tarem Ahmed and
	Mark Coates and
	Anukool Lakhina},
	title     = {Multivariate Online Anomaly Detection Using Kernel Recursive Least
	Squares},
	booktitle = {{INFOCOM} 2007. 26th {IEEE} International Conference on Computer Communications,
	Joint Conference of the {IEEE} Computer and Communications Societies,
	6-12 May 2007, Anchorage, Alaska, {USA}},
	pages     = {625--633},
	year      = {2007},
	crossref  = {DBLP:conf/infocom/2007},
	url       = {https://doi.org/10.1109/INFCOM.2007.79},
	doi       = {10.1109/INFCOM.2007.79},
	timestamp = {Tue, 16 May 2017 16:26:32 +0200},
	biburl    = {http://dblp.org/rec/bib/conf/infocom/AhmedCL07},
	bibsource = {dblp computer science bibliography, http://dblp.org}
}

@article{DBLP:journals/ccr/MahajanBFIPS02a,
	author    = {Ratul Mahajan and
	Steven M. Bellovin and
	Sally Floyd and
	John Ioannidis and
	Vern Paxson and
	Scott Shenker},
	title     = {Controlling high bandwidth aggregates in the network},
	journal   = {Computer Communication Review},
	volume    = {32},
	number    = {3},
	pages     = {62--73},
	year      = {2002},
	url       = {http://doi.acm.org/10.1145/571697.571724},
	doi       = {10.1145/571697.571724},
	timestamp = {Thu, 09 Feb 2006 13:30:38 +0100},
	biburl    = {http://dblp.org/rec/bib/journals/ccr/MahajanBFIPS02a},
	bibsource = {dblp computer science bibliography, http://dblp.org}
}

@inproceedings{DBLP:conf/lisa/Roesch99,
	author    = {Martin Roesch},
	title     = {Snort: Lightweight Intrusion Detection for Networks},
	booktitle = {Proceedings of the 13th Conference on Systems Administration (LISA-99),
	Seattle, WA, November 7-12, 1999},
	pages     = {229--238},
	year      = {1999},
	crossref  = {DBLP:conf/lisa/1999},
	url       = {http://www.usenix.org/publications/library/proceedings/lisa99/roesch.html},
	timestamp = {Thu, 15 May 2014 18:36:22 +0200},
	biburl    = {http://dblp.org/rec/bib/conf/lisa/Roesch99},
	bibsource = {dblp computer science bibliography, http://dblp.org}
}

@article{DBLP:journals/eaai/MalialisK15,
	author    = {Kleanthis Malialis and
	Daniel Kudenko},
	title     = {Distributed response to network intrusions using multiagent reinforcement
	learning},
	journal   = {Eng. Appl. of {AI}},
	volume    = {41},
	pages     = {270--284},
	year      = {2015},
	url       = {https://doi.org/10.1016/j.engappai.2015.01.013},
	doi       = {10.1016/j.engappai.2015.01.013},
	timestamp = {Thu, 18 May 2017 09:51:46 +0200},
	biburl    = {http://dblp.org/rec/bib/journals/eaai/MalialisK15},
	bibsource = {dblp computer science bibliography, http://dblp.org}
}

@inproceedings{DBLP:conf/mates/ServinK08,
	author    = {Arturo Servin and
	Daniel Kudenko},
	title     = {Multi-Agent Reinforcement Learning for Intrusion Detection: {A} Case
	Study and Evaluation},
	booktitle = {Multiagent System Technologies, 6th German Conference, {MATES} 2008,
	Kaiserslautern, Germany, September 23-26, 2008. Proceedings},
	pages     = {159--170},
	year      = {2008},
	crossref  = {DBLP:conf/mates/2008},
	url       = {https://doi.org/10.1007/978-3-540-87805-6_15},
	doi       = {10.1007/978-3-540-87805-6_15},
	timestamp = {Tue, 13 Jun 2017 10:37:55 +0200},
	biburl    = {http://dblp.org/rec/bib/conf/mates/ServinK08},
	bibsource = {dblp computer science bibliography, http://dblp.org}
}

@article{DBLP:journals/corr/abs-1710-03748,
	author    = {Trapit Bansal and
	Jakub Pachocki and
	Szymon Sidor and
	Ilya Sutskever and
	Igor Mordatch},
	title     = {Emergent Complexity via Multi-Agent Competition},
	journal   = {CoRR},
	volume    = {abs/1710.03748},
	year      = {2017},
	url       = {http://arxiv.org/abs/1710.03748},
	archivePrefix = {arXiv},
	eprint    = {1710.03748},
	timestamp = {Wed, 01 Nov 2017 19:05:43 +0100},
	biburl    = {http://dblp.org/rec/bib/journals/corr/abs-1710-03748},
	bibsource = {dblp computer science bibliography, http://dblp.org}
}

@inproceedings{DBLP:conf/paisi/XuSH07,
	author    = {Xin Xu and
	Yongqiang Sun and
	Zunguo Huang},
	title     = {Defending DDoS Attacks Using Hidden Markov Models and Cooperative
	Reinforcement Learning},
	booktitle = {Intelligence and Security Informatics, Pacific Asia Workshop, {PAISI}
	2007, Chengdu, China, April 11-12, 2007, Proceedings},
	pages     = {196--207},
	year      = {2007},
	crossref  = {DBLP:conf/paisi/2007},
	url       = {https://doi.org/10.1007/978-3-540-71549-8_17},
	doi       = {10.1007/978-3-540-71549-8_17},
	timestamp = {Fri, 02 Jun 2017 13:01:07 +0200},
	biburl    = {http://dblp.org/rec/bib/conf/paisi/XuSH07},
	bibsource = {dblp computer science bibliography, http://dblp.org}
}

@article{shamshirband2014anomaly,
	title={Anomaly detection using fuzzy Q-learning algorithm},
	author={Shamshirband, Shahaboddin and Anuar, Nor Badrul and Kiah, Miss Laiha Mat and Misra, Sanjay},
	journal={Acta Polytechnica Hungarica},
	volume={11},
	number={8},
	pages={5--28},
	year={2014},
	doi={10.12700/APH.11.08.2014.08.1}
}

@article{DBLP:journals/corr/abs-1710-09767,
	author    = {Kevin Frans and
	Jonathan Ho and
	Xi Chen and
	Pieter Abbeel and
	John Schulman},
	title     = {Meta Learning Shared Hierarchies},
	journal   = {CoRR},
	volume    = {abs/1710.09767},
	year      = {2017},
	url       = {http://arxiv.org/abs/1710.09767},
	archivePrefix = {arXiv},
	eprint    = {1710.09767},
	timestamp = {Thu, 02 Nov 2017 14:25:36 +0100},
	biburl    = {http://dblp.org/rec/bib/journals/corr/abs-1710-09767},
	bibsource = {dblp computer science bibliography, http://dblp.org}
}

@article{DBLP:journals/corr/SalimansHCS17,
	author    = {Tim Salimans and
	Jonathan Ho and
	Xi Chen and
	Ilya Sutskever},
	title     = {Evolution Strategies as a Scalable Alternative to Reinforcement Learning},
	journal   = {CoRR},
	volume    = {abs/1703.03864},
	year      = {2017},
	url       = {http://arxiv.org/abs/1703.03864},
	archivePrefix = {arXiv},
	eprint    = {1703.03864},
	timestamp = {Wed, 07 Jun 2017 14:42:50 +0200},
	biburl    = {http://dblp.org/rec/bib/journals/corr/SalimansHCS17},
	bibsource = {dblp computer science bibliography, http://dblp.org}
}

@inproceedings{DBLP:conf/isi/HeardR16,
	author    = {Nick Heard and
	Patrick Rubin{-}Delanchy},
	title     = {Network-wide anomaly detection via the Dirichlet process},
	booktitle = {{IEEE} Conference on Intelligence and Security Informatics, {ISI}
	2016, Tucson, AZ, USA, September 28-30, 2016},
	pages     = {220--224},
	year      = {2016},
	crossref  = {DBLP:conf/isi/2016},
	url       = {https://doi.org/10.1109/ISI.2016.7745478},
	doi       = {10.1109/ISI.2016.7745478},
	timestamp = {Fri, 26 May 2017 00:49:31 +0200},
	biburl    = {http://dblp.org/rec/bib/conf/isi/HeardR16},
	bibsource = {dblp computer science bibliography, http://dblp.org}
}

@article{DBLP:journals/fgcs/HerreroNCJ13,
	author    = {{\'{A}}lvaro Herrero and
	Mart{\'{\i}} Navarro and
	Emilio Corchado and
	Vicente Juli{\'{a}}n},
	title     = {{RT-MOVICAB-IDS:} Addressing real-time intrusion detection},
	journal   = {Future Generation Comp. Syst.},
	volume    = {29},
	number    = {1},
	pages     = {250--261},
	year      = {2013},
	url       = {https://doi.org/10.1016/j.future.2010.12.017},
	doi       = {10.1016/j.future.2010.12.017},
	timestamp = {Tue, 06 Jun 2017 22:28:04 +0200},
	biburl    = {http://dblp.org/rec/bib/journals/fgcs/HerreroNCJ13},
	bibsource = {dblp computer science bibliography, http://dblp.org}
}

@article{DBLP:journals/ccr/LelandWTW95,
author    = {Will E. Leland and
Walter Willinger and
Murad S. Taqqu and
Daniel V. Wilson},
title     = {On the self-similar nature of Ethernet traffic},
journal   = {Computer Communication Review},
volume    = {25},
number    = {1},
pages     = {202--213},
year      = {1995},
url       = {http://doi.acm.org/10.1145/205447.205464},
doi       = {10.1145/205447.205464},
timestamp = {Wed, 11 Feb 2015 19:50:37 +0100},
biburl    = {http://dblp.org/rec/bib/journals/ccr/LelandWTW95},
bibsource = {dblp computer science bibliography, http://dblp.org}
}

@inproceedings{DBLP:conf/aistats/McMahanMRHA17,
	author    = {Brendan McMahan and
	Eider Moore and
	Daniel Ramage and
	Seth Hampson and
	Blaise Ag{\"{u}}era y Arcas},
	title     = {Communication-Efficient Learning of Deep Networks from Decentralized
	Data},
	booktitle = {Proceedings of the 20th International Conference on Artificial Intelligence
	and Statistics, {AISTATS} 2017, 20-22 April 2017, Fort Lauderdale,
	FL, {USA}},
	pages     = {1273--1282},
	year      = {2017},
	crossref  = {DBLP:conf/aistats/2017},
	url       = {http://proceedings.mlr.press/v54/mcmahan17a.html},
	timestamp = {Wed, 16 Aug 2017 11:08:55 +0200},
	biburl    = {http://dblp.org/rec/bib/conf/aistats/McMahanMRHA17},
	bibsource = {dblp computer science bibliography, http://dblp.org}
}

@inproceedings{DBLP:conf/ancs/JouetP17,
	author    = {Simon Jouet and
	Dimitrios P. Pezaros},
	title     = {BPFabric: Data Plane Programmability for Software Defined Networks},
	booktitle = {{ACM/IEEE} Symposium on Architectures for Networking and Communications
	Systems, {ANCS} 2017, Beijing, China, May 18-19, 2017},
	pages     = {38--48},
	year      = {2017},
	crossref  = {DBLP:conf/ancs/2017},
	url       = {https://doi.org/10.1109/ANCS.2017.14},
	doi       = {10.1109/ANCS.2017.14},
	timestamp = {Wed, 12 Jul 2017 08:46:33 +0200},
	biburl    = {http://dblp.org/rec/bib/conf/ancs/JouetP17},
	bibsource = {dblp computer science bibliography, http://dblp.org}
}

@article{DBLP:journals/corr/MestresRCBASMMB16,
	author    = {Albert Mestres and
	Alberto Rodr{\'{\i}}guez{-}Natal and
	Josep Carner and
	Pere Barlet{-}Ros and
	Eduard Alarc{\'{o}}n and
	Marc Sol{\'{e}} and
	Victor Munt{\'{e}}s and
	David Meyer and
	Sharon Barkai and
	Mike J. Hibbett and
	Giovani Estrada and
	Khaldun Maruf and
	Florin Coras and
	Vina Ermagan and
	Hugo Latapie and
	Chris Cassar and
	John Evans and
	Fabio Maino and
	Jean C. Walrand and
	Albert Cabellos},
	title     = {Knowledge-Defined Networking},
	journal   = {CoRR},
	volume    = {abs/1606.06222},
	year      = {2016},
	url       = {http://arxiv.org/abs/1606.06222},
	archivePrefix = {arXiv},
	eprint    = {1606.06222},
	timestamp = {Wed, 07 Jun 2017 14:41:14 +0200},
	biburl    = {http://dblp.org/rec/bib/journals/corr/MestresRCBASMMB16},
	bibsource = {dblp computer science bibliography, http://dblp.org}
}

@article{DBLP:journals/corr/KonecnyMRR16,
	author    = {Jakub Konecn{\'{y}} and
	H. Brendan McMahan and
	Daniel Ramage and
	Peter Richt{\'{a}}rik},
	title     = {Federated Optimization: Distributed Machine Learning for On-Device
	Intelligence},
	journal   = {CoRR},
	volume    = {abs/1610.02527},
	year      = {2016},
	url       = {http://arxiv.org/abs/1610.02527},
	archivePrefix = {arXiv},
	eprint    = {1610.02527},
	timestamp = {Wed, 07 Jun 2017 14:42:24 +0200},
	biburl    = {http://dblp.org/rec/bib/journals/corr/KonecnyMRR16},
	bibsource = {dblp computer science bibliography, http://dblp.org}
}

@article{DBLP:journals/corr/Konecny17,
	author    = {Jakub Konecn{\'{y}}},
	title     = {Stochastic, Distributed and Federated Optimization for Machine Learning},
	journal   = {CoRR},
	volume    = {abs/1707.01155},
	year      = {2017},
	url       = {http://arxiv.org/abs/1707.01155},
	archivePrefix = {arXiv},
	eprint    = {1707.01155},
	timestamp = {Sat, 05 Aug 2017 14:56:06 +0200},
	biburl    = {http://dblp.org/rec/bib/journals/corr/Konecny17},
	bibsource = {dblp computer science bibliography, http://dblp.org}
}

@inproceedings{DBLP:conf/icml/ShamirS014,
	author    = {Ohad Shamir and
	Nathan Srebro and
	Tong Zhang},
	title     = {Communication-Efficient Distributed Optimization using an Approximate
	Newton-type Method},
	booktitle = {Proceedings of the 31th International Conference on Machine Learning,
	{ICML} 2014, Beijing, China, 21-26 June 2014},
	pages     = {1000--1008},
	year      = {2014},
	crossref  = {DBLP:conf/icml/2014},
	url       = {http://jmlr.org/proceedings/papers/v32/shamir14.html},
	timestamp = {Wed, 29 Mar 2017 16:45:25 +0200},
	biburl    = {http://dblp.org/rec/bib/conf/icml/ShamirS014},
	bibsource = {dblp computer science bibliography, http://dblp.org}
}

@article{DBLP:journals/tsp/ParkEO14,
	author    = {Timothy Park and
	Idris A. Eckley and
	Hernando C. Ombao},
	title     = {Estimating Time-Evolving Partial Coherence Between Signals via Multivariate
	Locally Stationary Wavelet Processes},
	journal   = {{IEEE} Trans. Signal Processing},
	volume    = {62},
	number    = {20},
	pages     = {5240--5250},
	year      = {2014},
	url       = {https://doi.org/10.1109/TSP.2014.2343937},
	doi       = {10.1109/TSP.2014.2343937},
	timestamp = {Thu, 15 Jun 2017 21:32:16 +0200},
	biburl    = {http://dblp.org/rec/bib/journals/tsp/ParkEO14},
	bibsource = {dblp computer science bibliography, http://dblp.org}
}

@article{DBLP:journals/ejasp/LuG09,
	author    = {Wei Lu and
	Ali A. Ghorbani},
	title     = {Network Anomaly Detection Based on Wavelet Analysis},
	journal   = {{EURASIP} J. Adv. Sig. Proc.},
	volume    = {2009},
	year      = {2009},
	url       = {https://doi.org/10.1155/2009/837601},
	doi       = {10.1155/2009/837601},
	timestamp = {Fri, 26 May 2017 22:51:01 +0200},
	biburl    = {http://dblp.org/rec/bib/journals/ejasp/LuG09},
	bibsource = {dblp computer science bibliography, http://dblp.org}
}

@article{DBLP:journals/pieee/KreutzRVRAU15,
	author    = {Diego Kreutz and
	Fernando M. V. Ramos and
	Paulo Jorge Esteves Ver{\'{\i}}ssimo and
	Christian Esteve Rothenberg and
	Siamak Azodolmolky and
	Steve Uhlig},
	title     = {Software-Defined Networking: {A} Comprehensive Survey},
	journal   = {Proceedings of the {IEEE}},
	volume    = {103},
	number    = {1},
	pages     = {14--76},
	year      = {2015},
	url       = {https://doi.org/10.1109/JPROC.2014.2371999},
	doi       = {10.1109/JPROC.2014.2371999},
	timestamp = {Thu, 08 Jun 2017 09:04:06 +0200},
	biburl    = {http://dblp.org/rec/bib/journals/pieee/KreutzRVRAU15},
	bibsource = {dblp computer science bibliography, http://dblp.org}
}

@article{DBLP:journals/corr/PlappertHDSCCAA17,
author    = {Matthias Plappert and
Rein Houthooft and
Prafulla Dhariwal and
Szymon Sidor and
Richard Y. Chen and
Xi Chen and
Tamim Asfour and
Pieter Abbeel and
Marcin Andrychowicz},
title     = {Parameter Space Noise for Exploration},
journal   = {CoRR},
volume    = {abs/1706.01905},
year      = {2017},
url       = {http://arxiv.org/abs/1706.01905},
archivePrefix = {arXiv},
eprint    = {1706.01905},
timestamp = {Mon, 03 Jul 2017 13:29:02 +0200},
biburl    = {http://dblp.org/rec/bib/journals/corr/PlappertHDSCCAA17},
bibsource = {dblp computer science bibliography, http://dblp.org}
}

@article {Kirkpatrick671,
	author = {Kirkpatrick, S. and Gelatt, C. D. and Vecchi, M. P.},
	title = {Optimization by Simulated Annealing},
	volume = {220},
	number = {4598},
	pages = {671--680},
	year = {1983},
	doi = {10.1126/science.220.4598.671},
	publisher = {American Association for the Advancement of Science},
	abstract = {There is a deep and useful connection between statistical mechanics (the behavior of systems with many degrees of freedom in thermal equilibrium at a finite temperature) and multivariate or combinatorial optimization (finding the minimum of a given function depending on many parameters). A detailed analogy with annealing in solids provides a framework for optimization of the properties of very large and complex systems. This connection to statistical mechanics exposes new information and provides an unfamiliar perspective on traditional optimization problems and methods.},
	issn = {0036-8075},
	URL = {http://science.sciencemag.org/content/220/4598/671},
	eprint = {http://science.sciencemag.org/content/220/4598/671.full.pdf},
	journal = {Science}
}

@inproceedings{DBLP:conf/sigmetrics/MooreZ05,
	author    = {Andrew W. Moore and
	Denis Zuev},
	title     = {Internet traffic classification using bayesian analysis techniques},
	booktitle = {Proceedings of the International Conference on Measurements and Modeling
	of Computer Systems, {SIGMETRICS} 2005, June 6-10, 2005, Banff, Alberta,
	Canada},
	pages     = {50--60},
	year      = {2005},
	crossref  = {DBLP:conf/sigmetrics/2005},
	url       = {http://doi.acm.org/10.1145/1064212.1064220},
	doi       = {10.1145/1064212.1064220},
	timestamp = {Mon, 05 Jun 2017 12:43:10 +0200},
	biburl    = {http://dblp.org/rec/bib/conf/sigmetrics/MooreZ05},
	bibsource = {dblp computer science bibliography, http://dblp.org}
}

@article{DBLP:journals/ton/YauLLY05,
	author    = {David K. Y. Yau and
	John C. S. Lui and
	Feng Liang and
	Yeung Yam},
	title     = {Defending against distributed denial-of-service attacks with max-min
	fair server-centric router throttles},
	journal   = {{IEEE/ACM} Trans. Netw.},
	volume    = {13},
	number    = {1},
	pages     = {29--42},
	year      = {2005},
	url       = {https://doi.org/10.1109/TNET.2004.842221},
	doi       = {10.1109/TNET.2004.842221},
	timestamp = {Sat, 27 May 2017 14:24:26 +0200},
	biburl    = {http://dblp.org/rec/bib/journals/ton/YauLLY05},
	bibsource = {dblp computer science bibliography, http://dblp.org}
}

@inproceedings{DBLP:conf/ki/Tokic10,
	author    = {Michel Tokic},
	title     = {Adaptive epsilon-Greedy Exploration in Reinforcement Learning Based
	on Value Difference},
	booktitle = {{KI} 2010: Advances in Artificial Intelligence, 33rd Annual German
	Conference on AI, Karlsruhe, Germany, September 21-24, 2010. Proceedings},
	pages     = {203--210},
	year      = {2010},
	crossref  = {DBLP:conf/ki/2010},
	url       = {https://doi.org/10.1007/978-3-642-16111-7_23},
	doi       = {10.1007/978-3-642-16111-7_23},
	timestamp = {Thu, 25 May 2017 00:42:14 +0200},
	biburl    = {http://dblp.org/rec/bib/conf/ki/Tokic10},
	bibsource = {dblp computer science bibliography, http://dblp.org}
}

@inproceedings{DBLP:conf/ki/TokicP11,
	author    = {Michel Tokic and
	G{\"{u}}nther Palm},
	title     = {Value-Difference Based Exploration: Adaptive Control between Epsilon-Greedy
	and Softmax},
	booktitle = {{KI} 2011: Advances in Artificial Intelligence, 34th Annual German
	Conference on AI, Berlin, Germany, October 4-7,2011. Proceedings},
	pages     = {335--346},
	year      = {2011},
	crossref  = {DBLP:conf/ki/2011},
	url       = {https://doi.org/10.1007/978-3-642-24455-1_33},
	doi       = {10.1007/978-3-642-24455-1_33},
	timestamp = {Thu, 25 May 2017 00:42:14 +0200},
	biburl    = {http://dblp.org/rec/bib/conf/ki/TokicP11},
	bibsource = {dblp computer science bibliography, http://dblp.org}
}

@inproceedings{DBLP:conf/annpr/TokicP12,
	author    = {Michel Tokic and
	G{\"{u}}nther Palm},
	title     = {Gradient Algorithms for Exploration/Exploitation Trade-Offs: Global
	and Local Variants},
	booktitle = {Artificial Neural Networks in Pattern Recognition - 5th {INNS} {IAPR}
	{TC} 3 {GIRPR} Workshop, {ANNPR} 2012, Trento, Italy, September 17-19,
	2012. Proceedings},
	pages     = {60--71},
	year      = {2012},
	crossref  = {DBLP:conf/annpr/2012},
	url       = {https://doi.org/10.1007/978-3-642-33212-8_6},
	doi       = {10.1007/978-3-642-33212-8_6},
	timestamp = {Wed, 24 May 2017 08:28:33 +0200},
	biburl    = {http://dblp.org/rec/bib/conf/annpr/TokicP12},
	bibsource = {dblp computer science bibliography, http://dblp.org}
}

@book{DBLP:books/lib/SuttonB98,
	author    = {Richard S. Sutton and
	Andrew G. Barto},
	title     = {Reinforcement learning - an introduction},
	series    = {Adaptive computation and machine learning},
	publisher = {{MIT} Press},
	year      = {1998},
	url       = {http://www.worldcat.org/oclc/37293240},
	isbn      = {0262193981},
	timestamp = {Wed, 26 Apr 2017 17:48:08 +0200},
	biburl    = {http://dblp.org/rec/bib/books/lib/SuttonB98},
	bibsource = {dblp computer science bibliography, http://dblp.org}
}

@article{DBLP:journals/ml/Williams92,
	author    = {Ronald J. Williams},
	title     = {Simple Statistical Gradient-Following Algorithms for Connectionist
	Reinforcement Learning},
	journal   = {Machine Learning},
	volume    = {8},
	pages     = {229--256},
	year      = {1992},
	url       = {https://doi.org/10.1007/BF00992696},
	doi       = {10.1007/BF00992696},
	timestamp = {Sun, 28 May 2017 13:18:24 +0200},
	biburl    = {http://dblp.org/rec/bib/journals/ml/Williams92},
	bibsource = {dblp computer science bibliography, http://dblp.org}
}

@article{DBLP:journals/tse/Denning87,
	author    = {Dorothy E. Denning},
	title     = {An Intrusion-Detection Model},
	journal   = {{IEEE} Trans. Software Eng.},
	volume    = {13},
	number    = {2},
	pages     = {222--232},
	year      = {1987},
	url       = {https://doi.org/10.1109/TSE.1987.232894},
	doi       = {10.1109/TSE.1987.232894},
	timestamp = {Wed, 17 May 2017 10:56:35 +0200},
	biburl    = {http://dblp.org/rec/bib/journals/tse/Denning87},
	bibsource = {dblp computer science bibliography, http://dblp.org}
}

@inproceedings{DBLP:conf/ndss/YuFCSS17,
	author    = {Tianlong Yu and
	Seyed Kaveh Fayaz and
	Michael P. Collins and
	Vyas Sekar and
	Srinivasan Seshan},
	title     = {{PSI:} Precise Security Instrumentation for Enterprise Networks},
	booktitle = {24th Annual Network and Distributed System Security Symposium, {NDSS}
	2017, San Diego, California, USA, February 26 - March 1, 2017},
	year      = {2017},
	crossref  = {DBLP:conf/ndss/2017},
	url       = {https://www.ndss-symposium.org/ndss2017/ndss-2017-programme/psi-precise-security-instrumentation-enterprise-networks/},
	timestamp = {Tue, 16 Jan 2018 15:44:17 +0100},
	biburl    = {http://dblp.org/rec/bib/conf/ndss/YuFCSS17},
	bibsource = {dblp computer science bibliography, http://dblp.org}
}

@inproceedings{DBLP:conf/ndss/ShinPYFGT13,
	author    = {Seungwon Shin and
	Phillip A. Porras and
	Vinod Yegneswaran and
	Martin W. Fong and
	Guofei Gu and
	Mabry Tyson},
	title     = {{FRESCO:} Modular Composable Security Services for Software-Defined
	Networks},
	booktitle = {20th Annual Network and Distributed System Security Symposium, {NDSS}
	2013, San Diego, California, USA, February 24-27, 2013},
	year      = {2013},
	crossref  = {DBLP:conf/ndss/2013},
	url       = {https://www.ndss-symposium.org/ndss2013/fresco-modular-composable-security-services-software-defined-networks},
	timestamp = {Tue, 16 Jan 2018 13:23:48 +0100},
	biburl    = {http://dblp.org/rec/bib/conf/ndss/ShinPYFGT13},
	bibsource = {dblp computer science bibliography, http://dblp.org}
}

@article{DBLP:journals/tocs/KohlerMCJK00,
	author    = {Eddie Kohler and
	Robert Tappan Morris and
	Benjie Chen and
	John Jannotti and
	M. Frans Kaashoek},
	title     = {The click modular router},
	journal   = {{ACM} Trans. Comput. Syst.},
	volume    = {18},
	number    = {3},
	pages     = {263--297},
	year      = {2000},
	url       = {http://doi.acm.org/10.1145/354871.354874},
	doi       = {10.1145/354871.354874},
	timestamp = {Tue, 24 Oct 2017 18:34:06 +0200},
	biburl    = {http://dblp.org/rec/bib/journals/tocs/KohlerMCJK00},
	bibsource = {dblp computer science bibliography, http://dblp.org}
}

@inproceedings{DBLP:conf/hotnets/MaoAMK16,
	author    = {Hongzi Mao and
	Mohammad Alizadeh and
	Ishai Menache and
	Srikanth Kandula},
	title     = {Resource Management with Deep Reinforcement Learning},
	booktitle = {Proceedings of the 15th {ACM} Workshop on Hot Topics in Networks,
	HotNets 2016, Atlanta, GA, USA, November 9-10, 2016},
	pages     = {50--56},
	year      = {2016},
	crossref  = {DBLP:conf/hotnets/2016},
	url       = {http://doi.acm.org/10.1145/3005745.3005750},
	doi       = {10.1145/3005745.3005750},
	timestamp = {Tue, 22 Nov 2016 13:25:16 +0100},
	biburl    = {http://dblp.org/rec/bib/conf/hotnets/MaoAMK16},
	bibsource = {dblp computer science bibliography, http://dblp.org}
}

@inproceedings{DBLP:conf/dsn/LeeKSPY17,
	author    = {Seunghyeon Lee and
	Jinwoo Kim and
	Seungwon Shin and
	Phillip A. Porras and
	Vinod Yegneswaran},
	title     = {Athena: {A} Framework for Scalable Anomaly Detection in Software-Defined
	Networks},
	booktitle = {47th Annual {IEEE/IFIP} International Conference on Dependable Systems
	and Networks, {DSN} 2017, Denver, CO, USA, June 26-29, 2017},
	pages     = {249--260},
	year      = {2017},
	crossref  = {DBLP:conf/dsn/2017},
	url       = {https://doi.org/10.1109/DSN.2017.42},
	doi       = {10.1109/DSN.2017.42},
	timestamp = {Wed, 06 Sep 2017 14:36:39 +0200},
	biburl    = {http://dblp.org/rec/bib/conf/dsn/LeeKSPY17},
	bibsource = {dblp computer science bibliography, http://dblp.org}
}

@inproceedings{DBLP:conf/sp/SommerP10,
	author    = {Robin Sommer and
	Vern Paxson},
	title     = {Outside the Closed World: On Using Machine Learning for Network Intrusion
	Detection},
	booktitle = {31st {IEEE} Symposium on Security and Privacy, S{\&}P 2010, 16-19
	May 2010, Berleley/Oakland, California, {USA}},
	pages     = {305--316},
	year      = {2010},
	crossref  = {DBLP:conf/sp/2010},
	url       = {https://doi.org/10.1109/SP.2010.25},
	doi       = {10.1109/SP.2010.25},
	timestamp = {Fri, 26 May 2017 00:50:06 +0200},
	biburl    = {https://dblp.org/rec/bib/conf/sp/SommerP10},
	bibsource = {dblp computer science bibliography, https://dblp.org}
}

@inproceedings{DBLP:conf/cisda/TavallaeeBLG09,
	author    = {Mahbod Tavallaee and
	Ebrahim Bagheri and
	Wei Lu and
	Ali A. Ghorbani},
	title     = {A detailed analysis of the {KDD} {CUP} 99 data set},
	booktitle = {2009 {IEEE} Symposium on Computational Intelligence for Security and
	Defense Applications, {CISDA} 2009, Ottawa, Canada, July 8-10, 2009},
	pages     = {1--6},
	year      = {2009},
	crossref  = {DBLP:conf/cisda/2009},
	url       = {https://doi.org/10.1109/CISDA.2009.5356528},
	doi       = {10.1109/CISDA.2009.5356528},
	timestamp = {Thu, 25 May 2017 00:41:32 +0200},
	biburl    = {https://dblp.org/rec/bib/conf/cisda/TavallaeeBLG09},
	bibsource = {dblp computer science bibliography, https://dblp.org}
}

@inproceedings{DBLP:conf/ccs/KrugelV03,
	author    = {Christopher Kr{\"{u}}gel and
	Giovanni Vigna},
	title     = {Anomaly detection of web-based attacks},
	booktitle = {Proceedings of the 10th {ACM} Conference on Computer and Communications
	Security, {CCS} 2003, Washington, DC, USA, October 27-30, 2003},
	pages     = {251--261},
	year      = {2003},
	crossref  = {DBLP:conf/ccs/2003},
	url       = {http://doi.acm.org/10.1145/948109.948144},
	doi       = {10.1145/948109.948144},
	timestamp = {Fri, 09 Dec 2011 14:34:06 +0100},
	biburl    = {https://dblp.org/rec/bib/conf/ccs/KrugelV03},
	bibsource = {dblp computer science bibliography, https://dblp.org}
}

@inproceedings{DBLP:conf/ccs/Axelsson99,
	author    = {Stefan Axelsson},
	title     = {The Base-Rate Fallacy and Its Implications for the Difficulty of Intrusion
	Detection},
	booktitle = {{CCS} '99, Proceedings of the 6th {ACM} Conference on Computer and
	Communications Security, Singapore, November 1-4, 1999.},
	pages     = {1--7},
	year      = {1999},
	crossref  = {DBLP:conf/ccs/1999},
	url       = {http://doi.acm.org/10.1145/319709.319710},
	doi       = {10.1145/319709.319710},
	timestamp = {Fri, 23 Dec 2011 14:54:25 +0100},
	biburl    = {https://dblp.org/rec/bib/conf/ccs/Axelsson99},
	bibsource = {dblp computer science bibliography, https://dblp.org}
}

@inproceedings{DBLP:conf/uss/GuPYF07,
	author    = {Guofei Gu and
	Phillip A. Porras and
	Vinod Yegneswaran and
	Martin W. Fong},
	title     = {BotHunter: Detecting Malware Infection Through IDS-Driven Dialog Correlation},
	booktitle = {Proceedings of the 16th {USENIX} Security Symposium, Boston, MA, USA,
	August 6-10, 2007},
	year      = {2007},
	crossref  = {DBLP:conf/uss/2007},
	url       = {https://www.usenix.org/conference/16th-usenix-security-symposium/bothunter-detecting-malware-infection-through-ids-driven},
	timestamp = {Fri, 19 Aug 2016 15:38:03 +0200},
	biburl    = {https://dblp.org/rec/bib/conf/uss/GuPYF07},
	bibsource = {dblp computer science bibliography, https://dblp.org}
}

@inproceedings{DBLP:conf/uss/AnagnostakisSAXMK05,
	author    = {Kostas G. Anagnostakis and
	Stelios Sidiroglou and
	Periklis Akritidis and
	Konstantinos Xinidis and
	Evangelos P. Markatos and
	Angelos D. Keromytis},
	title     = {Detecting Targeted Attacks Using Shadow Honeypots},
	booktitle = {Proceedings of the 14th {USENIX} Security Symposium, Baltimore, MD,
	USA, July 31 - August 5, 2005},
	year      = {2005},
	crossref  = {DBLP:conf/uss/2005},
	url       = {https://www.usenix.org/conference/14th-usenix-security-symposium/detecting-targeted-attacks-using-shadow-honeypots},
	timestamp = {Thu, 17 Nov 2016 19:38:24 +0100},
	biburl    = {https://dblp.org/rec/bib/conf/uss/AnagnostakisSAXMK05},
	bibsource = {dblp computer science bibliography, https://dblp.org}
}

@inproceedings{DBLP:conf/ccs/FoglaL06,
	author    = {Prahlad Fogla and
	Wenke Lee},
	title     = {Evading network anomaly detection systems: formal reasoning and practical
	techniques},
	booktitle = {Proceedings of the 13th {ACM} Conference on Computer and Communications
	Security, {CCS} 2006, Alexandria, VA, USA, Ioctober 30 - November
	3, 2006},
	pages     = {59--68},
	year      = {2006},
	crossref  = {DBLP:conf/ccs/2006usa},
	url       = {http://doi.acm.org/10.1145/1180405.1180414},
	doi       = {10.1145/1180405.1180414},
	timestamp = {Mon, 11 Dec 2006 11:06:20 +0100},
	biburl    = {https://dblp.org/rec/bib/conf/ccs/FoglaL06},
	bibsource = {dblp computer science bibliography, https://dblp.org}
}

@inproceedings{DBLP:conf/ccs/BarrenoNSJT06,
	author    = {Marco Barreno and
	Blaine Nelson and
	Russell Sears and
	Anthony D. Joseph and
	J. D. Tygar},
	title     = {Can machine learning be secure?},
	booktitle = {Proceedings of the 2006 {ACM} Symposium on Information, Computer and
	Communications Security, {ASIACCS} 2006, Taipei, Taiwan, March 21-24,
	2006},
	pages     = {16--25},
	year      = {2006},
	crossref  = {DBLP:conf/ccs/2006},
	url       = {http://doi.acm.org/10.1145/1128817.1128824},
	doi       = {10.1145/1128817.1128824},
	timestamp = {Tue, 21 Nov 2017 18:32:25 +0100},
	biburl    = {https://dblp.org/rec/bib/conf/ccs/BarrenoNSJT06},
	bibsource = {dblp computer science bibliography, https://dblp.org}
}

@article{DBLP:journals/corr/abs-1802-08842,
	author    = {Patryk Chrabaszcz and
	Ilya Loshchilov and
	Frank Hutter},
	title     = {Back to Basics: Benchmarking Canonical Evolution Strategies for Playing
	Atari},
	journal   = {CoRR},
	volume    = {abs/1802.08842},
	year      = {2018},
	url       = {http://arxiv.org/abs/1802.08842},
	archivePrefix = {arXiv},
	eprint    = {1802.08842},
	timestamp = {Fri, 02 Mar 2018 13:46:22 +0100},
	biburl    = {https://dblp.org/rec/bib/journals/corr/abs-1802-08842},
	bibsource = {dblp computer science bibliography, https://dblp.org}
}

@inproceedings{DBLP:conf/acsac/CaoG17,
	author    = {Xiaoyu Cao and
	Neil Zhenqiang Gong},
	title     = {Mitigating Evasion Attacks to Deep Neural Networks via Region-based
	Classification},
	booktitle = {Proceedings of the 33rd Annual Computer Security Applications Conference,
	Orlando, FL, USA, December 4-8, 2017},
	pages     = {278--287},
	year      = {2017},
	crossref  = {DBLP:conf/acsac/2017},
	url       = {http://doi.acm.org/10.1145/3134600.3134606},
	doi       = {10.1145/3134600.3134606},
	timestamp = {Thu, 07 Dec 2017 13:15:37 +0100},
	biburl    = {https://dblp.org/rec/bib/conf/acsac/CaoG17},
	bibsource = {dblp computer science bibliography, https://dblp.org}
}

@inproceedings{DBLP:conf/raid/WangS04,
	author    = {Ke Wang and
	Salvatore J. Stolfo},
	title     = {Anomalous Payload-Based Network Intrusion Detection},
	booktitle = {Recent Advances in Intrusion Detection: 7th International Symposium,
	{RAID} 2004, Sophia Antipolis, France, September 15-17, 2004. Proceedings},
	pages     = {203--222},
	year      = {2004},
	crossref  = {DBLP:conf/raid/2004},
	url       = {https://doi.org/10.1007/978-3-540-30143-1_11},
	doi       = {10.1007/978-3-540-30143-1_11},
	timestamp = {Thu, 24 Aug 2017 11:33:04 +0200},
	biburl    = {https://dblp.org/rec/bib/conf/raid/WangS04},
	bibsource = {dblp computer science bibliography, https://dblp.org}
}

@inproceedings{DBLP:conf/sp/Carlini017,
	author    = {Nicholas Carlini and
	David A. Wagner},
	title     = {Towards Evaluating the Robustness of Neural Networks},
	booktitle = {2017 {IEEE} Symposium on Security and Privacy, {SP} 2017, San Jose,
	CA, USA, May 22-26, 2017},
	pages     = {39--57},
	year      = {2017},
	crossref  = {DBLP:conf/sp/2017},
	url       = {https://doi.org/10.1109/SP.2017.49},
	doi       = {10.1109/SP.2017.49},
	timestamp = {Tue, 27 Jun 2017 13:01:20 +0200},
	biburl    = {https://dblp.org/rec/bib/conf/sp/Carlini017},
	bibsource = {dblp computer science bibliography, https://dblp.org}
}

@inproceedings{DBLP:conf/sp/PapernotM0JS16,
	author    = {Nicolas Papernot and
	Patrick D. McDaniel and
	Xi Wu and
	Somesh Jha and
	Ananthram Swami},
	title     = {Distillation as a Defense to Adversarial Perturbations Against Deep
	Neural Networks},
	booktitle = {{IEEE} Symposium on Security and Privacy, {SP} 2016, San Jose, CA,
	USA, May 22-26, 2016},
	pages     = {582--597},
	year      = {2016},
	crossref  = {DBLP:conf/sp/2016},
	url       = {https://doi.org/10.1109/SP.2016.41},
	doi       = {10.1109/SP.2016.41},
	timestamp = {Fri, 26 May 2017 00:50:06 +0200},
	biburl    = {https://dblp.org/rec/bib/conf/sp/PapernotM0JS16},
	bibsource = {dblp computer science bibliography, https://dblp.org}
}

@article{DBLP:journals/corr/KingmaB14,
	author    = {Diederik P. Kingma and
	Jimmy Ba},
	title     = {Adam: {A} Method for Stochastic Optimization},
	journal   = {CoRR},
	volume    = {abs/1412.6980},
	year      = {2014},
	url       = {http://arxiv.org/abs/1412.6980},
	archivePrefix = {arXiv},
	eprint    = {1412.6980},
	timestamp = {Wed, 07 Jun 2017 14:40:52 +0200},
	biburl    = {https://dblp.org/rec/bib/journals/corr/KingmaB14},
	bibsource = {dblp computer science bibliography, https://dblp.org}
}

@inproceedings{DBLP:conf/hotnets/BartulovicJBSS17,
	author    = {Mihovil Bartulovic and
	Junchen Jiang and
	Sivaraman Balakrishnan and
	Vyas Sekar and
	Bruno Sinopoli},
	title     = {Biases in Data-Driven Networking, and What to Do About Them},
	booktitle = {Proceedings of the 16th {ACM} Workshop on Hot Topics in Networks,
	Palo Alto, CA, USA, HotNets 2017, November 30 - December 01, 2017},
	pages     = {192--198},
	year      = {2017},
	crossref  = {DBLP:conf/hotnets/2017},
	url       = {http://doi.acm.org/10.1145/3152434.3152448},
	doi       = {10.1145/3152434.3152448},
	timestamp = {Thu, 30 Nov 2017 14:42:10 +0100},
	biburl    = {https://dblp.org/rec/bib/conf/hotnets/BartulovicJBSS17},
	bibsource = {dblp computer science bibliography, https://dblp.org}
}

@inproceedings{DBLP:conf/hotnets/ValadarskySST17,
	author    = {Asaf Valadarsky and
	Michael Schapira and
	Dafna Shahaf and
	Aviv Tamar},
	title     = {Learning to Route},
	booktitle = {Proceedings of the 16th {ACM} Workshop on Hot Topics in Networks,
	Palo Alto, CA, USA, HotNets 2017, November 30 - December 01, 2017},
	pages     = {185--191},
	year      = {2017},
	crossref  = {DBLP:conf/hotnets/2017},
	url       = {http://doi.acm.org/10.1145/3152434.3152441},
	doi       = {10.1145/3152434.3152441},
	timestamp = {Thu, 30 Nov 2017 14:42:10 +0100},
	biburl    = {https://dblp.org/rec/bib/conf/hotnets/ValadarskySST17},
	bibsource = {dblp computer science bibliography, https://dblp.org}
}

@inproceedings{DBLP:conf/hotnets/LecuyerLNSSS17,
	author    = {Mathias L{\'{e}}cuyer and
	Joshua Lockerman and
	Lamont Nelson and
	Siddhartha Sen and
	Amit Sharma and
	Aleksandrs Slivkins},
	title     = {Harvesting Randomness to Optimize Distributed Systems},
	booktitle = {Proceedings of the 16th {ACM} Workshop on Hot Topics in Networks,
	Palo Alto, CA, USA, HotNets 2017, November 30 - December 01, 2017},
	pages     = {178--184},
	year      = {2017},
	crossref  = {DBLP:conf/hotnets/2017},
	url       = {http://doi.acm.org/10.1145/3152434.3152435},
	doi       = {10.1145/3152434.3152435},
	timestamp = {Sat, 30 Dec 2017 02:38:03 +0100},
	biburl    = {https://dblp.org/rec/bib/conf/hotnets/LecuyerLNSSS17},
	bibsource = {dblp computer science bibliography, https://dblp.org}
}

@inproceedings{DBLP:conf/acsac/ShenTS16,
	author    = {Shiqi Shen and
	Shruti Tople and
	Prateek Saxena},
	title     = {Auror: defending against poisoning attacks in collaborative deep learning
	systems},
	booktitle = {Proceedings of the 32nd Annual Conference on Computer Security Applications,
	{ACSAC} 2016, Los Angeles, CA, USA, December 5-9, 2016},
	pages     = {508--519},
	year      = {2016},
	crossref  = {DBLP:conf/acsac/2016},
	url       = {http://dl.acm.org/citation.cfm?id=2991125},
	timestamp = {Wed, 07 Dec 2016 11:05:29 +0100},
	biburl    = {https://dblp.org/rec/bib/conf/acsac/ShenTS16},
	bibsource = {dblp computer science bibliography, https://dblp.org}
}

@inproceedings{DBLP:conf/uss/TramerZJRR16,
	author    = {Florian Tram{\`{e}}r and
	Fan Zhang and
	Ari Juels and
	Michael K. Reiter and
	Thomas Ristenpart},
	title     = {Stealing Machine Learning Models via Prediction APIs},
	booktitle = {25th {USENIX} Security Symposium, {USENIX} Security 16, Austin, TX,
	USA, August 10-12, 2016.},
	pages     = {601--618},
	year      = {2016},
	crossref  = {DBLP:conf/uss/2016},
	url       = {https://www.usenix.org/conference/usenixsecurity16/technical-sessions/presentation/tramer},
	timestamp = {Mon, 05 Sep 2016 15:43:05 +0200},
	biburl    = {https://dblp.org/rec/bib/conf/uss/TramerZJRR16},
	bibsource = {dblp computer science bibliography, https://dblp.org}
}

@inproceedings{DBLP:conf/dsn/EsheteV17,
	author    = {Birhanu Eshete and
	V. N. Venkatakrishnan},
	title     = {DynaMiner: Leveraging Offline Infection Analytics for On-the-Wire
	Malware Detection},
	booktitle = {47th Annual {IEEE/IFIP} International Conference on Dependable Systems
	and Networks, {DSN} 2017, Denver, CO, USA, June 26-29, 2017},
	pages     = {463--474},
	year      = {2017},
	crossref  = {DBLP:conf/dsn/2017},
	url       = {https://doi.org/10.1109/DSN.2017.54},
	doi       = {10.1109/DSN.2017.54},
	timestamp = {Wed, 06 Sep 2017 14:36:39 +0200},
	biburl    = {https://dblp.org/rec/bib/conf/dsn/EsheteV17},
	bibsource = {dblp computer science bibliography, https://dblp.org}
}

@inproceedings{DBLP:conf/ndss/RobertsonMKV10,
	author    = {William K. Robertson and
	Federico Maggi and
	Christopher Kruegel and
	Giovanni Vigna},
	title     = {Effective Anomaly Detection with Scarce Training Data},
	booktitle = {Proceedings of the Network and Distributed System Security Symposium,
	{NDSS} 2010, San Diego, California, USA, 28th February - 3rd March
	2010},
	year      = {2010},
	crossref  = {DBLP:conf/ndss/2010},
	url       = {http://www.isoc.org/isoc/conferences/ndss/10/pdf/07.pdf},
	timestamp = {Wed, 31 Aug 2011 14:02:14 +0200},
	biburl    = {https://dblp.org/rec/bib/conf/ndss/RobertsonMKV10},
	bibsource = {dblp computer science bibliography, https://dblp.org}
}

@article{DBLP:journals/cn/KrugelVR05,
	author    = {Christopher Kr{\"{u}}gel and
	Giovanni Vigna and
	William K. Robertson},
	title     = {A multi-model approach to the detection of web-based attacks},
	journal   = {Computer Networks},
	volume    = {48},
	number    = {5},
	pages     = {717--738},
	year      = {2005},
	url       = {https://doi.org/10.1016/j.comnet.2005.01.009},
	doi       = {10.1016/j.comnet.2005.01.009},
	timestamp = {Thu, 18 May 2017 09:51:01 +0200},
	biburl    = {https://dblp.org/rec/bib/journals/cn/KrugelVR05},
	bibsource = {dblp computer science bibliography, https://dblp.org}
}

@article{doi:10.1111/j.1469-8137.1912.tb05611.x,
	author = {Paul Jaccard},
	title = {The Distribution of the Flora in the Alpine Zone},
	journal = {New Phytologist},
	volume = {11},
	number = {2},
	pages = {37-50},
	year = {1912},
	month = {2},
	doi = {10.1111/j.1469-8137.1912.tb05611.x},
	url = {https://nph.onlinelibrary.wiley.com/doi/abs/10.1111/j.1469-8137.1912.tb05611.x}
}

@inproceedings{DBLP:conf/dsn/FengLC17,
	author    = {Cheng Feng and
	Tingting Li and
	Deeph Chana},
	title     = {Multi-level Anomaly Detection in Industrial Control Systems via Package
	Signatures and {LSTM} Networks},
	booktitle = {47th Annual {IEEE/IFIP} International Conference on Dependable Systems
	and Networks, {DSN} 2017, Denver, CO, USA, June 26-29, 2017},
	pages     = {261--272},
	year      = {2017},
	crossref  = {DBLP:conf/dsn/2017},
	url       = {https://doi.org/10.1109/DSN.2017.34},
	doi       = {10.1109/DSN.2017.34},
	timestamp = {Wed, 13 Sep 2017 16:09:08 +0200},
	biburl    = {https://dblp.org/rec/bib/conf/dsn/FengLC17},
	bibsource = {dblp computer science bibliography, https://dblp.org}
}

@inproceedings{DBLP:conf/siguccs/BrandB05,
	author    = {Jason Brand and
	Jeff Balvanz},
	title     = {Automation is a breeze with AutoIt},
	booktitle = {Proceedings of the 33rd Annual {ACM} {SIGUCCS} Conference on User
	Services 2005, Monterey, CA, USA, November 6-9, 2005},
	pages     = {12--15},
	year      = {2005},
	crossref  = {DBLP:conf/siguccs/2005},
	url       = {http://doi.acm.org/10.1145/1099435.1099439},
	doi       = {10.1145/1099435.1099439},
	timestamp = {Tue, 31 Jan 2017 15:47:30 +0100},
	biburl    = {https://dblp.org/rec/bib/conf/siguccs/BrandB05},
	bibsource = {dblp computer science bibliography, https://dblp.org}
}

@inproceedings{DBLP:conf/dsn/GuPWSZX15,
	author    = {Zhongshu Gu and
	Kexin Pei and
	Qifan Wang and
	Luo Si and
	Xiangyu Zhang and
	Dongyan Xu},
	title     = {{LEAPS:} Detecting Camouflaged Attacks with Statistical Learning Guided
	by Program Analysis},
	booktitle = {45th Annual {IEEE/IFIP} International Conference on Dependable Systems
	and Networks, {DSN} 2015, Rio de Janeiro, Brazil, June 22-25, 2015},
	pages     = {57--68},
	year      = {2015},
	crossref  = {DBLP:conf/dsn/2015},
	url       = {https://doi.org/10.1109/DSN.2015.34},
	doi       = {10.1109/DSN.2015.34},
	timestamp = {Sun, 21 May 2017 00:19:56 +0200},
	biburl    = {https://dblp.org/rec/bib/conf/dsn/GuPWSZX15},
	bibsource = {dblp computer science bibliography, https://dblp.org}
}

@inproceedings{DBLP:conf/ndss/SmutzS16,
	author    = {Charles Smutz and
	Angelos Stavrou},
	title     = {When a Tree Falls: Using Diversity in Ensemble Classifiers to Identify
	Evasion in Malware Detectors},
	booktitle = {23rd Annual Network and Distributed System Security Symposium, {NDSS}
	2016, San Diego, California, USA, February 21-24, 2016},
	year      = {2016},
	crossref  = {DBLP:conf/ndss/2016},
	url       = {http://wp.internetsociety.org/ndss/wp-content/uploads/sites/25/2017/09/when-tree-falls-using-diversity-ensemble-classifiers-identify-evasion-malware-detectors.pdf},
	timestamp = {Tue, 16 Jan 2018 13:23:48 +0100},
	biburl    = {https://dblp.org/rec/bib/conf/ndss/SmutzS16},
	bibsource = {dblp computer science bibliography, https://dblp.org}
}

@article{DBLP:journals/comsur/BhuyanBK14,
	author    = {Monowar H. Bhuyan and
	D. K. Bhattacharyya and
	Jugal K. Kalita},
	title     = {Network Anomaly Detection: Methods, Systems and Tools},
	journal   = {{IEEE} Communications Surveys and Tutorials},
	volume    = {16},
	number    = {1},
	pages     = {303--336},
	year      = {2014},
	url       = {https://doi.org/10.1109/SURV.2013.052213.00046},
	doi       = {10.1109/SURV.2013.052213.00046},
	timestamp = {Sat, 27 May 2017 14:23:15 +0200},
	biburl    = {https://dblp.org/rec/bib/journals/comsur/BhuyanBK14},
	bibsource = {dblp computer science bibliography, https://dblp.org}
}

@inproceedings{DBLP:conf/uss/KuhrerHRH14,
	author    = {Marc K{\"{u}}hrer and
	Thomas Hupperich and
	Christian Rossow and
	Thorsten Holz},
	title     = {Exit from Hell? Reducing the Impact of Amplification DDoS Attacks},
	booktitle = {Proceedings of the 23rd {USENIX} Security Symposium, San Diego, CA,
	USA, August 20-22, 2014.},
	pages     = {111--125},
	year      = {2014},
	crossref  = {DBLP:conf/uss/2014},
	url       = {https://www.usenix.org/conference/usenixsecurity14/technical-sessions/presentation/kuhrer},
	timestamp = {Fri, 19 Aug 2016 15:38:03 +0200},
	biburl    = {https://dblp.org/rec/bib/conf/uss/KuhrerHRH14},
	bibsource = {dblp computer science bibliography, https://dblp.org}
}

@article{DBLP:journals/compsec/GarciaGSZ14,
	author    = {S. Garc{\'{\i}}a and
	Martin Grill and
	Jan Stiborek and
	Alejandro Zunino},
	title     = {An empirical comparison of botnet detection methods},
	journal   = {Computers {\&} Security},
	volume    = {45},
	pages     = {100--123},
	year      = {2014},
	url       = {https://doi.org/10.1016/j.cose.2014.05.011},
	doi       = {10.1016/j.cose.2014.05.011},
	timestamp = {Mon, 05 Jun 2017 20:47:05 +0200},
	biburl    = {https://dblp.org/rec/bib/journals/compsec/GarciaGSZ14},
	bibsource = {dblp computer science bibliography, https://dblp.org}
}

@inproceedings{DBLP:conf/icissp/SharafaldinLG18,
	author    = {Iman Sharafaldin and
	Arash Habibi Lashkari and
	Ali A. Ghorbani},
	title     = {Toward Generating a New Intrusion Detection Dataset and Intrusion
	Traffic Characterization},
	booktitle = {Proceedings of the 4th International Conference on Information Systems
	Security and Privacy, {ICISSP} 2018, Funchal, Madeira - Portugal,
	January 22-24, 2018.},
	pages     = {108--116},
	year      = {2018},
	crossref  = {DBLP:conf/icissp/2018},
	url       = {https://doi.org/10.5220/0006639801080116},
	doi       = {10.5220/0006639801080116},
	timestamp = {Wed, 11 Apr 2018 15:27:57 +0200},
	biburl    = {https://dblp.org/rec/bib/conf/icissp/SharafaldinLG18},
	bibsource = {dblp computer science bibliography, https://dblp.org}
}

@InProceedings{akent-2015-enterprise-data,
	author = {Alexander D. Kent},
	title = {{Cybersecurity Data Sources for Dynamic Network Research}},
	year = 2015,
	booktitle = {Dynamic Networks in Cybersecurity},
	month =        jun,
	publisher = {Imperial College Press}
}

@article{DBLP:journals/corr/abs-1708-07518,
	author    = {Melissa J. M. Turcotte and
	Alexander D. Kent and
	Curtis Hash},
	title     = {Unified Host and Network Data Set},
	journal   = {CoRR},
	volume    = {abs/1708.07518},
	year      = {2017},
	url       = {http://arxiv.org/abs/1708.07518},
	archivePrefix = {arXiv},
	eprint    = {1708.07518},
	timestamp = {Tue, 05 Sep 2017 10:03:46 +0200},
	biburl    = {https://dblp.org/rec/bib/journals/corr/abs-1708-07518},
	bibsource = {dblp computer science bibliography, https://dblp.org}
}

@inproceedings{DBLP:conf/ndss/Rossow14,
	author    = {Christian Rossow},
	title     = {Amplification Hell: Revisiting Network Protocols for DDoS Abuse},
	booktitle = {21st Annual Network and Distributed System Security Symposium, {NDSS}
	2014, San Diego, California, USA, February 23-26, 2014},
	year      = {2014},
	crossref  = {DBLP:conf/ndss/2014},
	url       = {https://www.ndss-symposium.org/ndss2014/amplification-hell-revisiting-network-protocols-ddos-abuse},
	timestamp = {Tue, 16 Jan 2018 13:23:48 +0100},
	biburl    = {https://dblp.org/rec/bib/conf/ndss/Rossow14},
	bibsource = {dblp computer science bibliography, https://dblp.org}
}

@inproceedings{DBLP:conf/sp/KangLG13,
	author    = {Min Suk Kang and
	Soo Bum Lee and
	Virgil D. Gligor},
	title     = {The Crossfire Attack},
	booktitle = {2013 {IEEE} Symposium on Security and Privacy, {SP} 2013, Berkeley,
	CA, USA, May 19-22, 2013},
	pages     = {127--141},
	year      = {2013},
	crossref  = {DBLP:conf/sp/2013},
	url       = {https://doi.org/10.1109/SP.2013.19},
	doi       = {10.1109/SP.2013.19},
	timestamp = {Fri, 26 May 2017 00:50:07 +0200},
	biburl    = {https://dblp.org/rec/bib/conf/sp/KangLG13},
	bibsource = {dblp computer science bibliography, https://dblp.org}
}

@inproceedings{DBLP:conf/esorics/StuderP09,
	author    = {Ahren Studer and
	Adrian Perrig},
	title     = {The Coremelt Attack},
	booktitle = {Computer Security - {ESORICS} 2009, 14th European Symposium on Research
	in Computer Security, Saint-Malo, France, September 21-23, 2009. Proceedings},
	pages     = {37--52},
	year      = {2009},
	crossref  = {DBLP:conf/esorics/2009},
	url       = {https://doi.org/10.1007/978-3-642-04444-1_3},
	doi       = {10.1007/978-3-642-04444-1_3},
	timestamp = {Tue, 23 May 2017 01:07:17 +0200},
	biburl    = {https://dblp.org/rec/bib/conf/esorics/StuderP09},
	bibsource = {dblp computer science bibliography, https://dblp.org}
}

@inproceedings{DBLP:conf/uss/AntonakakisABBB17,
	author    = {Manos Antonakakis and
	Tim April and
	Michael Bailey and
	Matt Bernhard and
	Elie Bursztein and
	Jaime Cochran and
	Zakir Durumeric and
	J. Alex Halderman and
	Luca Invernizzi and
	Michalis Kallitsis and
	Deepak Kumar and
	Chaz Lever and
	Zane Ma and
	Joshua Mason and
	Damian Menscher and
	Chad Seaman and
	Nick Sullivan and
	Kurt Thomas and
	Yi Zhou},
	title     = {Understanding the Mirai Botnet},
	booktitle = {26th {USENIX} Security Symposium, {USENIX} Security 2017, Vancouver,
	BC, Canada, August 16-18, 2017.},
	pages     = {1093--1110},
	year      = {2017},
	crossref  = {DBLP:conf/uss/2017},
	url       = {https://www.usenix.org/conference/usenixsecurity17/technical-sessions/presentation/antonakakis},
	timestamp = {Fri, 01 Sep 2017 12:29:11 +0200},
	biburl    = {https://dblp.org/rec/bib/conf/uss/AntonakakisABBB17},
	bibsource = {dblp computer science bibliography, https://dblp.org}
}

@inproceedings{DBLP:conf/sac/ZandVYK14,
	author    = {Ali Zand and
	Giovanni Vigna and
	Xifeng Yan and
	Christopher Kruegel},
	title     = {Extracting probable command and control signatures for detecting botnets},
	booktitle = {Symposium on Applied Computing, {SAC} 2014, Gyeongju, Republic of
	Korea - March 24 - 28, 2014},
	pages     = {1657--1662},
	year      = {2014},
	crossref  = {DBLP:conf/sac/2014},
	url       = {http://doi.acm.org/10.1145/2554850.2554896},
	doi       = {10.1145/2554850.2554896},
	timestamp = {Sun, 20 Jul 2014 11:32:29 +0200},
	biburl    = {https://dblp.org/rec/bib/conf/sac/ZandVYK14},
	bibsource = {dblp computer science bibliography, https://dblp.org}
}

@article{DBLP:journals/csur/WendzelZFH15,
author    = {Steffen Wendzel and
Sebastian Zander and
Bernhard Fechner and
Christian Herdin},
title     = {Pattern-Based Survey and Categorization of Network Covert Channel
Techniques},
journal   = {{ACM} Comput. Surv.},
volume    = {47},
number    = {3},
pages     = {50:1--50:26},
year      = {2015},
url       = {http://doi.acm.org/10.1145/2684195},
doi       = {10.1145/2684195},
timestamp = {Mon, 05 Jun 2017 20:51:53 +0200},
biburl    = {https://dblp.org/rec/bib/journals/csur/WendzelZFH15},
bibsource = {dblp computer science bibliography, https://dblp.org}
}

@article{DBLP:journals/comsur/ZanderAB07,
author    = {Sebastian Zander and
Grenville J. Armitage and
Philip Branch},
title     = {A survey of covert channels and countermeasures in computer network
protocols},
journal   = {{IEEE} Communications Surveys and Tutorials},
volume    = {9},
number    = {1-4},
pages     = {44--57},
year      = {2007},
url       = {https://doi.org/10.1109/COMST.2007.4317620},
doi       = {10.1109/COMST.2007.4317620},
timestamp = {Sat, 27 May 2017 14:23:16 +0200},
biburl    = {https://dblp.org/rec/bib/journals/comsur/ZanderAB07},
bibsource = {dblp computer science bibliography, https://dblp.org}
}

@phdthesis{DBLP:phd/ethos/Malialis14,
	author    = {Kleanthis Malialis},
	title     = {Distributed reinforcement learning for network intrusion response},
	school    = {University of York, {UK}},
	year      = {2014},
	url       = {http://etheses.whiterose.ac.uk/8109/},
	timestamp = {Mon, 15 Aug 2016 18:48:06 +0200},
	biburl    = {https://dblp.org/rec/bib/phd/ethos/Malialis14},
	bibsource = {dblp computer science bibliography, https://dblp.org}
}

@inproceedings{DBLP:conf/atal/SinhaKT16,
	author    = {Arunesh Sinha and
	Debarun Kar and
	Milind Tambe},
	title     = {Learning Adversary Behavior in Security Games: {A} {PAC} Model Perspective},
	booktitle = {Proceedings of the 2016 International Conference on Autonomous Agents
	{\&} Multiagent Systems, Singapore, May 9-13, 2016},
	pages     = {214--222},
	year      = {2016},
	crossref  = {DBLP:conf/atal/2016},
	url       = {http://dl.acm.org/citation.cfm?id=2936958},
	timestamp = {Fri, 20 May 2016 21:03:38 +0200},
	biburl    = {https://dblp.org/rec/bib/conf/atal/SinhaKT16},
	bibsource = {dblp computer science bibliography, https://dblp.org}
}

@inproceedings{DBLP:conf/eurosp/PapernotMSW18,
	author    = {Nicolas Papernot and
	Patrick D. McDaniel and
	Arunesh Sinha and
	Michael P. Wellman},
	title     = {SoK: Security and Privacy in Machine Learning},
	booktitle = {2018 {IEEE} European Symposium on Security and Privacy, EuroS{\&}P
	2018, London, United Kingdom, April 24-26, 2018},
	pages     = {399--414},
	year      = {2018},
	crossref  = {DBLP:conf/eurosp/2018},
	url       = {https://doi.org/10.1109/EuroSP.2018.00035},
	doi       = {10.1109/EuroSP.2018.00035},
	timestamp = {Wed, 11 Jul 2018 11:44:38 +0200},
	biburl    = {https://dblp.org/rec/bib/conf/eurosp/PapernotMSW18},
	bibsource = {dblp computer science bibliography, https://dblp.org}
}

@article{DBLP:journals/corr/HuangPGDA17,
	author    = {Sandy H. Huang and
	Nicolas Papernot and
	Ian J. Goodfellow and
	Yan Duan and
	Pieter Abbeel},
	title     = {Adversarial Attacks on Neural Network Policies},
	journal   = {CoRR},
	volume    = {abs/1702.02284},
	year      = {2017},
	url       = {http://arxiv.org/abs/1702.02284},
	archivePrefix = {arXiv},
	eprint    = {1702.02284},
	timestamp = {Wed, 07 Jun 2017 14:41:01 +0200},
	biburl    = {https://dblp.org/rec/bib/journals/corr/HuangPGDA17},
	bibsource = {dblp computer science bibliography, https://dblp.org}
}

@inproceedings{DBLP:conf/sigcomm/MaoNA17,
	author    = {Hongzi Mao and
	Ravi Netravali and
	Mohammad Alizadeh},
	title     = {Neural Adaptive Video Streaming with Pensieve},
	booktitle = {Proceedings of the Conference of the {ACM} Special Interest Group
	on Data Communication, {SIGCOMM} 2017, Los Angeles, CA, USA, August
	21-25, 2017},
	pages     = {197--210},
	year      = {2017},
	crossref  = {DBLP:conf/sigcomm/2017},
	url       = {http://doi.acm.org/10.1145/3098822.3098843},
	doi       = {10.1145/3098822.3098843},
	timestamp = {Tue, 15 Aug 2017 20:12:35 +0200},
	biburl    = {https://dblp.org/rec/bib/conf/sigcomm/MaoNA17},
	bibsource = {dblp computer science bibliography, https://dblp.org}
}

@inproceedings{DBLP:conf/sigcomm/ChenL0L18,
	author    = {Li Chen and
	Justinas Lingys and
	Kai Chen and
	Feng Liu},
	title     = {AuTO: scaling deep reinforcement learning for datacenter-scale automatic
	traffic optimization},
	booktitle = {Proceedings of the 2018 Conference of the {ACM} Special Interest Group
	on Data Communication, {SIGCOMM} 2018, Budapest, Hungary, August 20-25,
	2018},
	pages     = {191--205},
	year      = {2018},
	crossref  = {DBLP:conf/sigcomm/2018},
	url       = {http://doi.acm.org/10.1145/3230543.3230551},
	doi       = {10.1145/3230543.3230551},
	timestamp = {Thu, 09 Aug 2018 08:20:33 +0200},
	biburl    = {https://dblp.org/rec/bib/conf/sigcomm/ChenL0L18},
	bibsource = {dblp computer science bibliography, https://dblp.org}
}

@inproceedings{DBLP:conf/icml/SilverLHDWR14,
	author    = {David Silver and
	Guy Lever and
	Nicolas Heess and
	Thomas Degris and
	Daan Wierstra and
	Martin A. Riedmiller},
	title     = {Deterministic Policy Gradient Algorithms},
	booktitle = {Proceedings of the 31th International Conference on Machine Learning,
	{ICML} 2014, Beijing, China, 21-26 June 2014},
	pages     = {387--395},
	year      = {2014},
	crossref  = {DBLP:conf/icml/2014},
	url       = {http://jmlr.org/proceedings/papers/v32/silver14.html},
	timestamp = {Wed, 29 Mar 2017 16:45:25 +0200},
	biburl    = {https://dblp.org/rec/bib/conf/icml/SilverLHDWR14},
	bibsource = {dblp computer science bibliography, https://dblp.org}
}

@inproceedings{DBLP:conf/sigcomm/LangleyRWVKZYKS17,
	author    = {Adam Langley and
	Alistair Riddoch and
	Alyssa Wilk and
	Antonio Vicente and
	Charles Krasic and
	Dan Zhang and
	Fan Yang and
	Fedor Kouranov and
	Ian Swett and
	Janardhan R. Iyengar and
	Jeff Bailey and
	Jeremy Dorfman and
	Jim Roskind and
	Joanna Kulik and
	Patrik Westin and
	Raman Tenneti and
	Robbie Shade and
	Ryan Hamilton and
	Victor Vasiliev and
	Wan{-}Teh Chang and
	Zhongyi Shi},
	title     = {The {QUIC} Transport Protocol: Design and Internet-Scale Deployment},
	booktitle = {Proceedings of the Conference of the {ACM} Special Interest Group
	on Data Communication, {SIGCOMM} 2017, Los Angeles, CA, USA, August
	21-25, 2017},
	pages     = {183--196},
	year      = {2017},
	crossref  = {DBLP:conf/sigcomm/2017},
	url       = {http://doi.acm.org/10.1145/3098822.3098842},
	doi       = {10.1145/3098822.3098842},
	timestamp = {Tue, 15 Aug 2017 20:12:35 +0200},
	biburl    = {https://dblp.org/rec/bib/conf/sigcomm/LangleyRWVKZYKS17},
	bibsource = {dblp computer science bibliography, https://dblp.org}
}

@inproceedings{DBLP:conf/ndss/KangGS16,
	author    = {Min Suk Kang and
	Virgil D. Gligor and
	Vyas Sekar},
	title     = {{SPIFFY:} Inducing Cost-Detectability Tradeoffs for Persistent Link-Flooding
	Attacks},
	booktitle = {23rd Annual Network and Distributed System Security Symposium, {NDSS}
	2016, San Diego, California, USA, February 21-24, 2016},
	year      = {2016},
	crossref  = {DBLP:conf/ndss/2016},
	url       = {http://wp.internetsociety.org/ndss/wp-content/uploads/sites/25/2017/09/spiffy-inducing-cost-detectability-tradeoffs-persistent-link-flooding-attacks.pdf},
	timestamp = {Tue, 16 Jan 2018 13:23:48 +0100},
	biburl    = {https://dblp.org/rec/bib/conf/ndss/KangGS16},
	bibsource = {dblp computer science bibliography, https://dblp.org}
}

@inproceedings{DBLP:conf/lcn/BragaMP10,
	author    = {Rodrigo Braga and
	Edjard de Souza Mota and
	Alexandre Passito},
	title     = {Lightweight DDoS flooding attack detection using NOX/OpenFlow},
	booktitle = {The 35th Annual {IEEE} Conference on Local Computer Networks, {LCN}
	2010, 10-14 October 2010, Denver, Colorado, USA, Proceedings},
	pages     = {408--415},
	year      = {2010},
	crossref  = {DBLP:conf/lcn/2010},
	url       = {https://doi.org/10.1109/LCN.2010.5735752},
	doi       = {10.1109/LCN.2010.5735752},
	timestamp = {Wed, 06 Dec 2017 07:12:49 +0100},
	biburl    = {https://dblp.org/rec/bib/conf/lcn/BragaMP10},
	bibsource = {dblp computer science bibliography, https://dblp.org}
}

@inproceedings{DBLP:conf/sp/CozziGFB18,
	author    = {Emanuele Cozzi and
	Mariano Graziano and
	Yanick Fratantonio and
	Davide Balzarotti},
	title     = {Understanding Linux Malware},
	booktitle = {2018 {IEEE} Symposium on Security and Privacy, {SP} 2018, Proceedings,
	21-23 May 2018, San Francisco, California, {USA}},
	pages     = {161--175},
	year      = {2018},
	crossref  = {DBLP:conf/sp/2018},
	url       = {https://doi.org/10.1109/SP.2018.00054},
	doi       = {10.1109/SP.2018.00054},
	timestamp = {Fri, 24 Aug 2018 00:34:59 +0200},
	biburl    = {https://dblp.org/rec/bib/conf/sp/CozziGFB18},
	bibsource = {dblp computer science bibliography, https://dblp.org}
}

@inproceedings{DBLP:conf/sp/SmithS18,
	author    = {Jared M. Smith and
	Max Schuchard},
	title     = {Routing Around Congestion: Defeating DDoS Attacks and Adverse Network
	Conditions via Reactive {BGP} Routing},
	booktitle = {2018 {IEEE} Symposium on Security and Privacy, {SP} 2018, Proceedings,
	21-23 May 2018, San Francisco, California, {USA}},
	pages     = {599--617},
	year      = {2018},
	crossref  = {DBLP:conf/sp/2018},
	url       = {https://doi.org/10.1109/SP.2018.00032},
	doi       = {10.1109/SP.2018.00032},
	timestamp = {Fri, 24 Aug 2018 00:34:59 +0200},
	biburl    = {https://dblp.org/rec/bib/conf/sp/SmithS18},
	bibsource = {dblp computer science bibliography, https://dblp.org}
}

@inproceedings{DBLP:conf/saint/ZhangDJC09,
	author    = {Min Zhang and
	Maurizio Dusi and
	Wolfgang John and
	Changjia Chen},
	title     = {Analysis of {UDP} Traffic Usage on Internet Backbone Links},
	booktitle = {Ninth Annual International Symposium on Applications and the Internet,
	{SAINT} 2009, Bellevue, Washington, USA, July 20-24, 2009, Proceedings},
	pages     = {280--281},
	year      = {2009},
	crossref  = {DBLP:conf/saint/2009},
	url       = {https://doi.org/10.1109/SAINT.2009.65},
	doi       = {10.1109/SAINT.2009.65},
	timestamp = {Mon, 06 Nov 2017 12:14:38 +0100},
	biburl    = {https://dblp.org/rec/bib/conf/saint/ZhangDJC09},
	bibsource = {dblp computer science bibliography, https://dblp.org}
}

@article{DBLP:journals/tnsm/SimpsonSMJPH18,
	author    = {Steven Simpson and
	Syed Noorulhassan Shirazi and
	Angelos K. Marnerides and
	Simon Jouet and
	Dimitrios Pezaros and
	David Hutchison},
	title     = {An Inter-Domain Collaboration Scheme to Remedy DDoS Attacks in Computer
	Networks},
	journal   = {{IEEE} Trans. Network and Service Management},
	volume    = {15},
	number    = {3},
	pages     = {879--893},
	year      = {2018},
	url       = {https://doi.org/10.1109/TNSM.2018.2828938},
	doi       = {10.1109/TNSM.2018.2828938},
	timestamp = {Wed, 03 Oct 2018 12:54:57 +0200},
	biburl    = {https://dblp.org/rec/bib/journals/tnsm/SimpsonSMJPH18},
	bibsource = {dblp computer science bibliography, https://dblp.org}
}

@inproceedings{DBLP:conf/raid/KramerKMNKYR15,
	author    = {Lukas Kr{\"{a}}mer and
	Johannes Krupp and
	Daisuke Makita and
	Tomomi Nishizoe and
	Takashi Koide and
	Katsunari Yoshioka and
	Christian Rossow},
	title     = {AmpPot: Monitoring and Defending Against Amplification DDoS Attacks},
	booktitle = {Research in Attacks, Intrusions, and Defenses - 18th International
	Symposium, {RAID} 2015, Kyoto, Japan, November 2-4, 2015, Proceedings},
	pages     = {615--636},
	year      = {2015},
	crossref  = {DBLP:conf/raid/2015},
	url       = {https://doi.org/10.1007/978-3-319-26362-5\_28},
	doi       = {10.1007/978-3-319-26362-5\_28},
	timestamp = {Fri, 02 Nov 2018 09:42:20 +0100},
	biburl    = {https://dblp.org/rec/bib/conf/raid/KramerKMNKYR15},
	bibsource = {dblp computer science bibliography, https://dblp.org}
}

@inproceedings{DBLP:conf/spw/KangGS16,
	author    = {Min Suk Kang and
	Virgil D. Gligor and
	Vyas Sekar},
	title     = {Defending Against Evolving DDoS Attacks: {A} Case Study Using Link
	Flooding Incidents},
	booktitle = {Security Protocols {XXIV} - 24th International Workshop, Brno, Czech
	Republic, April 7-8, 2016, Revised Selected Papers},
	pages     = {47--57},
	year      = {2016},
	crossref  = {DBLP:conf/spw/2016},
	url       = {https://doi.org/10.1007/978-3-319-62033-6\_7},
	doi       = {10.1007/978-3-319-62033-6\_7},
	timestamp = {Wed, 19 Jul 2017 13:37:40 +0200},
	biburl    = {https://dblp.org/rec/bib/conf/spw/KangGS16},
	bibsource = {dblp computer science bibliography, https://dblp.org}
}

@inproceedings{DBLP:conf/pam/RuthPDH18,
	author    = {Jan R{\"{u}}th and
	Ingmar Poese and
	Christoph Dietzel and
	Oliver Hohlfeld},
	title     = {A First Look at {QUIC} in the Wild},
	booktitle = {Passive and Active Measurement - 19th International Conference, {PAM}
	2018, Berlin, Germany, March 26-27, 2018, Proceedings},
	pages     = {255--268},
	year      = {2018},
	crossref  = {DBLP:conf/pam/2018},
	url       = {https://doi.org/10.1007/978-3-319-76481-8\_19},
	doi       = {10.1007/978-3-319-76481-8\_19},
	timestamp = {Fri, 02 Mar 2018 14:43:51 +0100},
	biburl    = {https://dblp.org/rec/bib/conf/pam/RuthPDH18},
	bibsource = {dblp computer science bibliography, https://dblp.org}
}

@inproceedings{DBLP:conf/pam/RichterCSFW15,
	author    = {Philipp Richter and
	Nikolaos Chatzis and
	Georgios Smaragdakis and
	Anja Feldmann and
	Walter Willinger},
	title     = {Distilling the Internet's Application Mix from Packet-Sampled Traffic},
	booktitle = {Passive and Active Measurement - 16th International Conference, {PAM}
	2015, New York, NY, USA, March 19-20, 2015, Proceedings},
	pages     = {179--192},
	year      = {2015},
	crossref  = {DBLP:conf/pam/2015},
	url       = {https://doi.org/10.1007/978-3-319-15509-8\_14},
	doi       = {10.1007/978-3-319-15509-8\_14},
	timestamp = {Tue, 23 May 2017 01:12:13 +0200},
	biburl    = {https://dblp.org/rec/bib/conf/pam/RichterCSFW15},
	bibsource = {dblp computer science bibliography, https://dblp.org}
}

@inproceedings{DBLP:conf/pam/LeeLM12,
	author    = {Changhyun Lee and
	D. K. Lee and
	Sue B. Moon},
	title     = {Unmasking the Growing {UDP} Traffic in a Campus Network},
	booktitle = {Passive and Active Measurement - 13th International Conference, {PAM}
	2012, Vienna, Austria, March 12-14th, 2012. Proceedings},
	pages     = {1--10},
	year      = {2012},
	crossref  = {DBLP:conf/pam/2012},
	url       = {https://doi.org/10.1007/978-3-642-28537-0\_1},
	doi       = {10.1007/978-3-642-28537-0\_1},
	timestamp = {Tue, 23 May 2017 01:12:13 +0200},
	biburl    = {https://dblp.org/rec/bib/conf/pam/LeeLM12},
	bibsource = {dblp computer science bibliography, https://dblp.org}
}

@inproceedings{DBLP:conf/imc/JonkerKKRSD17,
	author    = {Mattijs Jonker and
	Alistair King and
	Johannes Krupp and
	Christian Rossow and
	Anna Sperotto and
	Alberto Dainotti},
	title     = {Millions of targets under attack: a macroscopic characterization of
	the DoS ecosystem},
	booktitle = {Proceedings of the 2017 Internet Measurement Conference, {IMC} 2017,
	London, United Kingdom, November 1-3, 2017},
	pages     = {100--113},
	year      = {2017},
	crossref  = {DBLP:conf/imc/2017},
	url       = {https://doi.org/10.1145/3131365.3131383},
	doi       = {10.1145/3131365.3131383},
	timestamp = {Tue, 06 Nov 2018 11:07:19 +0100},
	biburl    = {https://dblp.org/rec/bib/conf/imc/JonkerKKRSD17},
	bibsource = {dblp computer science bibliography, https://dblp.org}
}

@inproceedings{DBLP:conf/imc/KakhkiJCNM17,
	author    = {Arash Molavi Kakhki and
	Samuel Jero and
	David R. Choffnes and
	Cristina Nita{-}Rotaru and
	Alan Mislove},
	title     = {Taking a long look at {QUIC:} an approach for rigorous evaluation
	of rapidly evolving transport protocols},
	booktitle = {Proceedings of the 2017 Internet Measurement Conference, {IMC} 2017,
	London, United Kingdom, November 1-3, 2017},
	pages     = {290--303},
	year      = {2017},
	crossref  = {DBLP:conf/imc/2017},
	url       = {https://doi.org/10.1145/3131365.3131368},
	doi       = {10.1145/3131365.3131368},
	timestamp = {Tue, 06 Nov 2018 11:07:19 +0100},
	biburl    = {https://dblp.org/rec/bib/conf/imc/KakhkiJCNM17},
	bibsource = {dblp computer science bibliography, https://dblp.org}
}

@inproceedings{DBLP:conf/imc/CzyzKGPBK14,
	author    = {Jakub Czyz and
	Michael Kallitsis and
	Manaf Gharaibeh and
	Christos Papadopoulos and
	Michael Bailey and
	Manish Karir},
	title     = {Taming the 800 Pound Gorilla: The Rise and Decline of {NTP} DDoS Attacks},
	booktitle = {Proceedings of the 2014 Internet Measurement Conference, {IMC} 2014,
	Vancouver, BC, Canada, November 5-7, 2014},
	pages     = {435--448},
	year      = {2014},
	crossref  = {DBLP:conf/imc/2014},
	url       = {https://doi.org/10.1145/2663716.2663717},
	doi       = {10.1145/2663716.2663717},
	timestamp = {Tue, 06 Nov 2018 11:07:19 +0100},
	biburl    = {https://dblp.org/rec/bib/conf/imc/CzyzKGPBK14},
	bibsource = {dblp computer science bibliography, https://dblp.org}
}

@inproceedings{DBLP:conf/imc/CollinsSFJWSK07,
	author    = {M. Patrick Collins and
	Timothy J. Shimeall and
	Sidney Faber and
	Jeff Janies and
	Rhiannon Weaver and
	Markus De Shon and
	Joseph B. Kadane},
	title     = {Using uncleanliness to predict future botnet addresses},
	booktitle = {Proceedings of the 7th {ACM} {SIGCOMM} Internet Measurement Conference,
	{IMC} 2007, San Diego, California, USA, October 24-26, 2007},
	pages     = {93--104},
	year      = {2007},
	crossref  = {DBLP:conf/imc/2007},
	url       = {https://doi.org/10.1145/1298306.1298319},
	doi       = {10.1145/1298306.1298319},
	timestamp = {Tue, 06 Nov 2018 11:07:19 +0100},
	biburl    = {https://dblp.org/rec/bib/conf/imc/CollinsSFJWSK07},
	bibsource = {dblp computer science bibliography, https://dblp.org}
}

@inproceedings{DBLP:conf/imc/KuhrerHBRH15,
	author    = {Marc K{\"{u}}hrer and
	Thomas Hupperich and
	Jonas Bushart and
	Christian Rossow and
	Thorsten Holz},
	title     = {Going Wild: Large-Scale Classification of Open {DNS} Resolvers},
	booktitle = {Proceedings of the 2015 {ACM} Internet Measurement Conference, {IMC}
	2015, Tokyo, Japan, October 28-30, 2015},
	pages     = {355--368},
	year      = {2015},
	crossref  = {DBLP:conf/imc/2015},
	url       = {https://doi.org/10.1145/2815675.2815683},
	doi       = {10.1145/2815675.2815683},
	timestamp = {Tue, 06 Nov 2018 11:07:19 +0100},
	biburl    = {https://dblp.org/rec/bib/conf/imc/KuhrerHBRH15},
	bibsource = {dblp computer science bibliography, https://dblp.org}
}

@inproceedings{DBLP:conf/uss/DurumericWH13,
	author    = {Zakir Durumeric and
	Eric Wustrow and
	J. Alex Halderman},
	title     = {ZMap: Fast Internet-wide Scanning and Its Security Applications},
	booktitle = {Proceedings of the 22th {USENIX} Security Symposium, Washington, DC,
	USA, August 14-16, 2013},
	pages     = {605--620},
	year      = {2013},
	crossref  = {DBLP:conf/uss/2013},
	url       = {https://www.usenix.org/conference/usenixsecurity13/technical-sessions/paper/durumeric},
	timestamp = {Wed, 04 Jul 2018 13:06:34 +0200},
	biburl    = {https://dblp.org/rec/bib/conf/uss/DurumericWH13},
	bibsource = {dblp computer science bibliography, https://dblp.org}
}

@inproceedings{DBLP:conf/imc/LiuZXSPLJF15,
	author    = {Dapeng Liu and
	Youjian Zhao and
	Haowen Xu and
	Yongqian Sun and
	Dan Pei and
	Jiao Luo and
	Xiaowei Jing and
	Mei Feng},
	title     = {Opprentice: Towards Practical and Automatic Anomaly Detection Through
	Machine Learning},
	booktitle = {Proceedings of the 2015 {ACM} Internet Measurement Conference, {IMC}
	2015, Tokyo, Japan, October 28-30, 2015},
	pages     = {211--224},
	year      = {2015},
	crossref  = {DBLP:conf/imc/2015},
	url       = {https://doi.org/10.1145/2815675.2815679},
	doi       = {10.1145/2815675.2815679},
	timestamp = {Tue, 06 Nov 2018 11:07:19 +0100},
	biburl    = {https://dblp.org/rec/bib/conf/imc/LiuZXSPLJF15},
	bibsource = {dblp computer science bibliography, https://dblp.org}
}

@inproceedings{DBLP:conf/acsac/CoptyDEEMZ18,
	author    = {Fady Copty and
	Matan Danos and
	Orit Edelstein and
	Cindy Eisner and
	Dov Murik and
	Benjamin Zeltser},
	title     = {Accurate Malware Detection by Extreme Abstraction},
	booktitle = {Proceedings of the 34th Annual Computer Security Applications Conference,
	{ACSAC} 2018, San Juan, PR, USA, December 03-07, 2018},
	pages     = {101--111},
	year      = {2018},
	crossref  = {DBLP:conf/acsac/2018},
	url       = {https://doi.org/10.1145/3274694.3274700},
	doi       = {10.1145/3274694.3274700},
	timestamp = {Wed, 05 Dec 2018 10:05:35 +0100},
	biburl    = {https://dblp.org/rec/bib/conf/acsac/CoptyDEEMZ18},
	bibsource = {dblp computer science bibliography, https://dblp.org}
}

@article{DBLP:journals/ccr/Roughan05,
	author    = {Matthew Roughan},
	title     = {Simplifying the synthesis of internet traffic matrices},
	journal   = {Computer Communication Review},
	volume    = {35},
	number    = {5},
	pages     = {93--96},
	year      = {2005},
	url       = {https://doi.org/10.1145/1096536.1096551},
	doi       = {10.1145/1096536.1096551},
	timestamp = {Tue, 06 Nov 2018 12:51:52 +0100},
	biburl    = {https://dblp.org/rec/bib/journals/ccr/Roughan05},
	bibsource = {dblp computer science bibliography, https://dblp.org}
}

@inproceedings{DBLP:conf/acsac/RamanathanMYZ18,
	author    = {Sivaramakrishnan Ramanathan and
	Jelena Mirkovic and
	Minlan Yu and
	Ying Zhang},
	title     = {{SENSS} Against Volumetric DDoS Attacks},
	booktitle = {Proceedings of the 34th Annual Computer Security Applications Conference,
	{ACSAC} 2018, San Juan, PR, USA, December 03-07, 2018},
	pages     = {266--277},
	year      = {2018},
	crossref  = {DBLP:conf/acsac/2018},
	url       = {https://doi.org/10.1145/3274694.3274717},
	doi       = {10.1145/3274694.3274717},
	timestamp = {Wed, 05 Dec 2018 10:05:35 +0100},
	biburl    = {https://dblp.org/rec/bib/conf/acsac/RamanathanMYZ18},
	bibsource = {dblp computer science bibliography, https://dblp.org}
}

@inproceedings{DBLP:conf/sigcomm/Al-FaresLV08,
	author    = {Mohammad Al{-}Fares and
	Alexander Loukissas and
	Amin Vahdat},
	title     = {A scalable, commodity data center network architecture},
	booktitle = {Proceedings of the {ACM} {SIGCOMM} 2008 Conference on Applications,
	Technologies, Architectures, and Protocols for Computer Communications,
	Seattle, WA, USA, August 17-22, 2008},
	pages     = {63--74},
	year      = {2008},
	crossref  = {DBLP:conf/sigcomm/2008},
	url       = {https://doi.org/10.1145/1402958.1402967},
	doi       = {10.1145/1402958.1402967},
	timestamp = {Tue, 06 Nov 2018 11:07:12 +0100},
	biburl    = {https://dblp.org/rec/bib/conf/sigcomm/Al-FaresLV08},
	bibsource = {dblp computer science bibliography, https://dblp.org}
}